% This file was created with JabRef 2.6.
% Encoding: UTF8

@INPROCEEDINGS{VamDer2005a,
  author = {Peter Vamplew and Julian Dermoudy},
  title = {An Anti-Plagiarism Editor for Software Development Courses},
  year = {2005},
  pages = {83-90},
  booktitle = {Australasian Computing Education Conference},
  editor = {Alison Young and Denis Tolhurst},
  series = {(= Australia. Conferences in Researhc an Practice in Information
	Technology 42)},
  address = {Necastle (Australia)},
  note = {BibWeb/PDF},
  owner = {reincke},
  timestamp = {2012.01.18}
}

@comment{jabref-meta: selector_publisher:}

@comment{jabref-meta: selector_author:}

@comment{jabref-meta: selector_journal:}

@comment{jabref-meta: selector_keywords:}

