% This file was created with JabRef 2.10.
% Encoding: UTF8


@Inbook{ArlBriVol2004a,
  Title                    = {'BSD' - und 'Mozilla'-artige Lizenzen},
  Author                   = {Arlt and Brinkel and Volkmann},
  Pages                    = {317-372},
  Shorttitle               = {'BSD' - und 'Mozilla'-artige Lizenzen, 2004},
  Year                     = {2004},

  Annote                   = {Dies Kapitel beschreibt den juristischen Gedankengang der BSD Lizenz und der Mozilla-Lizenzen, wobei letztere als Copyleft-Lizenzen mit anderem Ansatz als die GPL dargestellt werden.},
  Crossref                 = {Spindler2004a},
  Language                 = {german},
  Note                     = {Print},
  Owner                    = {reincke},
  Timestamp                = {2011.10.11}
}

@Inproceedings{Behlendorf2009a,
  Title                    = {How Open Source Can Still Save the World},
  Author                   = {Brian Behlendorf},
  Pages                    = {2},
  Shorttitle               = {How Open Source Can Still Save the World, 2009},
  Year                     = {2009},
  Titleaddon               = {Konferenzbeitrag},

  Annote                   = {Keynote. Behauptet, dass Open Source mit ihrer Art der Kooperation insbesondere auch eine Kooperation bei der Krisenbewältigung unterstütze.},
  Crossref                 = {BolCroLunWas2009a},
  Language                 = {english},
  Note                     = {BibWeb/PDF},
  Owner                    = {reincke},
  Timestamp                = {2011.08.02}
}

@Inproceedings{BreGlaGra2008a,
  Title                    = {Ratgeber für die Veröffentlichung von Open-Source-Software durch eine Hochschule},
  Author                   = {Ulrich Bretschneider and Rainer Glaschick and Gernot Gräfe},
  Pages                    = {167-188},
  Shorttitle               = {Ratgeber für die Veröffentlichung von Open-Source-Software durch eine Hochschule, 2008a},
  Year                     = {2008},

  Annote                   = {Stellt wesentliche Aspekte einer Open Source Veröffentlichung gründlich, knapp und übersichtlich dar: das nicht übertragbare Urheberrecht wird gegen das transferierbare Verwertungs- und Nutzungsrecht ebenso abgegrenzt, wie Haftungsfragen diskutiert und die Wahl der Lizenz auf den intendierten Zweck hin beleuchtet werden. Trotzdem kann (und will) der Artikel kein allgemeines 'Open Source Compendium' sein: der Frage, ob und wann eine universitäre Entwicklung gezwungenermaßen veröffentlicht werden muss und was Universitäten ansonsten tun müssen, wenn sie OS Software intern nutzen und weitergeben, wird nicht beleuchtet.},
  Crossref                 = {AscBauMitSee2008a},
  Language                 = {german},
  Note                     = {Print},
  Owner                    = {reincke},
  Timestamp                = {2011.09.01}
}

@Inproceedings{ChrSau2008a,
  Title                    = {OSS - Open-Source-Stacks},
  Author                   = {Fabian Christ and Stefan Sauer},
  Pages                    = {133-154},
  Shorttitle               = {OSS - Open-Source-Stacks, 2008},
  Year                     = {2008},

  Annote                   = {OSS ist eine beliebte Abkürzung: sie steht nicht nur für 'Open Source Software' , sondern auch für 'Open Source Stacks' oder gar für 'Operation Support Systems'.},
  Crossref                 = {AscBauMitSee2008a},
  Language                 = {german},
  Note                     = {Print},
  Owner                    = {reincke},
  Timestamp                = {2011.09.01}
}

@Inproceedings{DroKrePol2006b,
  Title                    = {Der Kampf um die Innovationsfreiheit: Der Big Bang des Wissens und seine Sprengkraft. Plädoyer für einen offenen Umgang mit Wissen im Interesse der Innovationskraft von Wirtschaft und Gesellschaft},
  Author                   = {Olga Drossou and Stefan Krempl and Andreas Poltermann},
  Pages                    = {1-10},
  Shorttitle               = {Der Kampf um die Innovationsfreiheit, 2006},
  Year                     = {2006},
  Titleaddon               = {Editorial},

  Annote                   = {Konstatiert, dass 'kollaborativ gefördertes Wissen frei bleiben müsse, wenn es als Anreiz für weitere Wissensvermehrung dienen solle'. Als Initialbeispiel dient der Open Source Entwicklungsprozess, der schon auf eine veränderte Erstellung von Dokumenten (GNU Free Documentation License und die Creative Commons-Initiative) u.Ä.m. hingewirkt hat. Patente stünden dem entgegen. Aber - so die Behauptung - Innovation brauche 'ein freies Spiel der Kräfte und einen möglichst breiten Wissenschaftsaustausch'.},
  Crossref                 = {DroKrePol2006a},
  Language                 = {german},
  Note                     = {Print},
  Owner                    = {reincke},
  Timestamp                = {2011.08.10}
}

@Inproceedings{Euler2006a,
  Title                    = {Creative Commons: Mehr Innovation durch die Öffnung des Urheberechts?},
  Author                   = {Ellen Euler},
  Pages                    = {147-158},
  Shorttitle               = {Creative Commons: Mehr Innovation durch die Öffnung des Urheberechts?, 2006},
  Year                     = {2006},

  Annote                   = {Stellt zunächst klar, dass das Urheberrecht das Trittbrettfahrerproblem lösen und so das Interesse der Allgemeinheit an neuen Ideen schützen solle. Das Recht des Urhebers, Vervielfältigungen erlauben oder unterbinden zu können, fungiere als Anreiz. Begrenzt werde dieses private Recht durch das berechtigte Interesse dritter. Darauf stütze sich die Zitaterlaubnis und die Privatkopie. Im digitalen Zeitalter würden mittels DRM etc. bisher urheberechtsfreie Nutzungen unterbunden und das Urheberecht unterlaufen, allerdings nicht zum Schutze der Urheber, sondern zum Schutz der Verwerter. Creative Commons bietet dem Urheber die Möglichkeit, graduelle Freiheiten verlässlich zu gewähren.},
  Crossref                 = {DroKrePol2006a},
  Language                 = {german},
  Note                     = {Print},
  Owner                    = {reincke},
  Timestamp                = {2011.08.10}
}

@Inproceedings{Geese2006a,
  Title                    = {Innovation und freie Software},
  Author                   = {Elmar Geese},
  Pages                    = {77-84},
  Shorttitle               = {Innovation und freie Software, 2006},
  Year                     = {2006},

  Annote                   = {Konstatiert, dass wir in einer Zeit der Wissensmonopolisierung leben, die über Patente, DRM und Gesetze etabliert werde. Mit der Pflege dieser Wissensprivatisierung stelle sich die Politik ihrem eigenen Ziel entgegen, Innovation zu fördern. Positive Gegenbeispiele für eine andere Kultur seien die Pflege von Staroffice/OpenOffice und die der Mozilla-Produkte.},
  Crossref                 = {DroKrePol2006a},
  Language                 = {german},
  Note                     = {Print},
  Owner                    = {reincke},
  Timestamp                = {2011.08.10}
}

@Inproceedings{GilVol2008a,
  Title                    = {Die Funktionen eines Patentsystems und ihre Bedeutung für Unternehmensausgründungen aus Hochschulen},
  Author                   = {Bernard Michael Gilroy and Tobias Volpert},
  Pages                    = {21-39},
  Shorttitle               = {Die Funktionen eines Patentsystems und ihre Bedeutung für Unternehmensausgründungen aus Hochschulen, 2008},
  Year                     = {2008},

  Annote                   = {Skizziert die beiden gesellschaftlichen Funktionen eines Patentsystems, nämlich die, per befristetem Nutzungsmonopol Innovationsanreize zu schaffen, und die, per Offenlegung neue Informationen zu distribuieren. Zielt letztlich darauf, dass auch die Offenlegung von Informationen wenigstens mittelbar Innovation befördert, weil diese als Basis für einen aufbauenden Fortschritt essentiell sei.},
  Crossref                 = {AscBauMitSee2008a},
  Language                 = {german},
  Note                     = {Print},
  Owner                    = {reincke},
  Timestamp                = {2011.08.29}
}

@Inproceedings{Graefe2008a,
  Title                    = {Open-Source-Software und Open-Source-Portale - Potentiale für die Softwareentwicklung in Hochschulen und den Ergebnistransfer in die Praxis},
  Author                   = {Gernot Gräfe},
  Pages                    = {55-72},
  Shorttitle               = {Open-Source-Software und Open-Source-Portale - Potentiale für die Softwareentwicklung in Hochschulen und den Ergebnistransfer in die Praxis, 2008},
  Year                     = {2008},

  Annote                   = {Der Artikel skizziert kurz Chancen von hochschuleigenen Open-Source-Software-Portalen und meint u.a., dass solche die Softwareentwicklung und die Wiederverwendung der Ergebnisse unterstützen und dass Resultate - verbunden mit einem Imagegewinn - darüber besser in die Praxis übertragen werden.},
  Crossref                 = {AscBauMitSee2008a},
  Language                 = {german},
  Note                     = {Print},
  Owner                    = {reincke},
  Timestamp                = {2011.08.29}
}

@Inproceedings{JanDanWos2006a,
  Title                    = {Wikipedia: Kreative Anarchie für den freien Informations- und Wissensaustausch},
  Author                   = {Kurt Jansson and Patrick Danowski and Jakob Voss},
  Pages                    = {159-167},
  Shorttitle               = {Wikipedia: Kreative Anarchie für den freien Informations- und Wissensaustausch, 2006},
  Year                     = {2006},

  Annote                   = {Beschreibt sehr gedrängt das Wesen von 'Wikipedia', seine Verbindung zu den Enzyklopädisten um Diderot und die Ähnlichkeit seines Entwicklungsprozesses mit dem von Open Source.},
  Crossref                 = {DroKrePol2006a},
  Language                 = {german},
  Note                     = {Print},
  Owner                    = {reincke},
  Timestamp                = {2011.08.12}
}

@Inproceedings{Kreutzer2008a,
  Title                    = {Software und Spiele kopieren[:] Das Lizenzmodell entscheidet},
  Author                   = {Till Kreutzer},
  Pages                    = {29-33},
  Shorttitle               = {Software und Spiele kopieren, 2008},
  Year                     = {2008},

  Annote                   = {Verweist auf das präjudizierende Urheberrecht Deutschlands, demzufolge bei Software Sicherungskopien zwar nicht untersagt werden können, andere Arten des Kopierens aber extra erlaubt werden müssen.},
  Crossref                 = {DjoGehGraKreSpi2008a},
  Language                 = {german},
  Note                     = {Print},
  Owner                    = {reincke},
  Timestamp                = {2011.06.30}
}

@Inproceedings{Kreutzer2008b,
  Title                    = {Software veröffentlichen[:] Wem gehören die Rechte?},
  Author                   = {Till Kreutzer},
  Pages                    = {163-167},
  Shorttitle               = {Software veröffentlichen, 2008},
  Year                     = {2008},

  Annote                   = {Erläutert das initiale Zusammenfallen von Urheberrecht und Verwertungsbefugnis. Letzteres kann übertragen werden, auch generell per Arbeitsrecht: angestellte Programmierer übergeben die Nutzungsrechte an ihren Werken mit dem Arbeitsvertrag an ihren Arbeitgeber. Wichtig aber auch: Urheberrecht impliziert keinen Ideenschutz.},
  Crossref                 = {DjoGehGraKreSpi2008a},
  Language                 = {german},
  Note                     = {Print},
  Owner                    = {reincke},
  Timestamp                = {2011.06.30}
}

@Inproceedings{Kreutzer2008c,
  Title                    = {Softwarelizenzen - Beispiele[:] Und welche Lizenz nehme ich jetzt?},
  Author                   = {Till Kreutzer},
  Pages                    = {176-179},
  Shorttitle               = {Softwarelizenzen - Beispiele, 2008},
  Year                     = {2008},

  Annote                   = {Analysiert am Entwicklerinteresse entlang dazu passende Lizenzformen: Open Source Lizenzen können demnach verwendet werden, wenn keine Kontrollinteressen vorliegen, wenn Interesse am Rücklauf von Weiterentwicklungen bestehen oder wenn Werbezwecke im Vorderund stehen; ansonsten werden propritäre Lizenzen empfohlen. Eine feinere Unterteilung der Open Source Lizenzen wird nicht offeriert.},
  Crossref                 = {DjoGehGraKreSpi2008a},
  Language                 = {german},
  Note                     = {Print},
  Owner                    = {reincke},
  Timestamp                = {2011.07.05}
}

@Inproceedings{LarDoeTim2008a,
  Title                    = {'Give or Let Buy': Kritische Überlegungen eines Software-Ingeneurs zur Veröffentlichung von Software als Open-Source-Projekte},
  Author                   = {Chrstoph Laroque and Andre Döring and Thorsten Timm},
  Pages                    = {155-166},
  Shorttitle               = {'Give or Let Buy': Kritische Überlegungen, 2008},
  Year                     = {2008},

  Annote                   = {Will Aspekte der Veröffentlichung von Software als Open Source wenigstens 'schemenhaft' beleuchten. Damit hat der Artikel Erfolg. Auch Lizenz bezogene Herausforderungen werden nicht wirklich erwähnt.},
  Crossref                 = {AscBauMitSee2008a},
  Language                 = {german},
  Note                     = {Print},
  Owner                    = {reincke},
  Timestamp                = {2011.09.01}
}

@Inproceedings{Maass2008a,
  Title                    = {Zur Bedeutung des Urheber- und Patanterechts in der quelloffenen Softwareentwicklung},
  Author                   = {Christian Maaß},
  Pages                    = {41-54},
  Shorttitle               = {Zur Bedeutung des Urheber- und Patanterechts in der quelloffenen Softwareentwicklung, 2008},
  Year                     = {2008},

  Annote                   = {Skizziert, dass das Urheberrecht das konkrete Werk schützt, das Patent dagegen die 'dahinter stehende Idee'. Für Software sei das in Europa möglich, sofern der Hauptanspruch technischer Natur ist. Der Idee von Open Source stehe das aber entgegen. Zwecks Abwehr solcher Patent basierten Einschränkungen im OS Bereich verweist der Artikel zum Schluss auf den Patentpool, der vom OSDL aufgebaut wird.},
  Crossref                 = {AscBauMitSee2008a},
  Language                 = {english},
  Note                     = {Print},
  Owner                    = {reincke},
  Timestamp                = {2011.08.29}
}

@Inproceedings{OstRotLue2006a,
  Title                    = {'Collective Invention' als neues Innovationsmodell},
  Author                   = {Margit Osterloh and Sandra Rota and Roger Lüthi},
  Pages                    = {65-76},
  Shorttitle               = {'Collective Invention' als neues Innovationsmodell, 2006},
  Year                     = {2006},

  Annote                   = {Zeigt, dass 'Collective Invention' schon im 19. Jh. existiert. Gemeint ist jeweils der freie Ideenaustausch. Bisher sei er in einer vorproduktiven volatilen Phase gepflegt und mit der Entdeckung einer konstanteren Architektur beendet worden. Open Source Software Entwicklung trotze diesem Muster des Niedergangs: Das sei bedingt durch die anhaltend niedrigen Kosten der Partizipation und durch die Lizenzen, die eine Rückgabe von Innovationen an die Community erzwängen.},
  Crossref                 = {DroKrePol2006a},
  Language                 = {german},
  Note                     = {Print},
  Owner                    = {reincke},
  Timestamp                = {2011.08.10}
}

@Inproceedings{Peters2009a,
  Title                    = {Open Source Is Changing the Way Work Gets Done},
  Author                   = {Stormy Peters},
  Pages                    = {1},
  Shorttitle               = {Open Source Is Changing the Way Work Gets Done, 2009},
  Year                     = {2009},
  Titleaddon               = {Konferenzbeitrag},

  Annote                   = {Keynote. Behauptet, dass die neuen Wege der Kollaboration und Kommunikation, wie sie bei Open Source Entwicklung üblich sind, auch die Zusammenarbeit von Individuen und Firmen im Allgemeinen verändern.},
  Crossref                 = {BolCroLunWas2009a},
  Language                 = {english},
  Note                     = {BibWeb/PDF},
  Owner                    = {reincke},
  Timestamp                = {2011.08.02}
}

@Inproceedings{Piller2006a,
  Title                    = {User Innovation: der Kunde kann's besser},
  Author                   = {Frank T. Piller},
  Pages                    = {85-97},
  Shorttitle               = {User Innovation: der Kunde kann's besser, 2006},
  Year                     = {2006},

  Annote                   = {Beschreibt u.a., wie bei der Entwicklung des Kite-Surfens User - sozusagen im Stile von Open Source Entwicklung - CAD-Modelle von Segeln frei erhalten und ihre Verbesserungen in Form von 'Bug-Reports' zurückgeben.},
  Crossref                 = {DroKrePol2006a},
  Language                 = {german},
  Note                     = {Print},
  Owner                    = {reincke},
  Timestamp                = {2011.08.10}
}

@Inproceedings{SeeKra2008a,
  Title                    = {Einführung in das Prinzip Open Source},
  Author                   = {Bernd Seel and Miriam Kraft},
  Pages                    = {9-19},
  Shorttitle               = {Einführung in das Prinzip Open Source, 2008},
  Year                     = {2008},

  Annote                   = {Dient als Einleitung in die Sammlung. Der Artikel führt dazu sehr knapp in Geschichte und Systematik von Open Source ein, wobei er - der notwendigen Verknappung wegen - gelegentlich in die Irre führt.},
  Crossref                 = {AscBauMitSee2008a},
  Language                 = {german},
  Note                     = {Print},
  Owner                    = {reincke},
  Timestamp                = {2011.08.16}
}

@Inproceedings{Spielkamp2008a,
  Title                    = {Creative Commons[:] Andere Zeiten, andere Lizenzen},
  Author                   = {Mathias Spielkamp},
  Pages                    = {219-221},
  Shorttitle               = {Creative Commons, 2008},
  Year                     = {2008},

  Annote                   = {Sehr kurze Abhandlung über die Nutzung von Creative Commons Lizenzen},
  Crossref                 = {DjoGehGraKreSpi2008a},
  Language                 = {german},
  Note                     = {Print},
  Owner                    = {reincke},
  Timestamp                = {2011.03.16}
}

@Inproceedings{Spielkamp2008b,
  Title                    = {Lessigletters-Remix[:] Die Creative-Commons-Initiative},
  Author                   = {Mathias Spielkamp},
  Pages                    = {223-230},
  Shorttitle               = {Lessigletter-Remix, 2008},
  Year                     = {2008},

  Annote                   = {Beschreibt Geschichte und Ansinnen der Creative Commons Lizenzbewegung als modifizierete Übertragung des 'Gegenseitigkeitsprinzips' aus der Welt der FSF/GPL Software auf die Welt der Texte.},
  Crossref                 = {DjoGehGraKreSpi2008a},
  Language                 = {german},
  Note                     = {Print},
  Owner                    = {reincke},
  Timestamp                = {2011.07.05}
}

@Incollection{Stallman1984a,
  Title                    = {The GNU Manifesto},
  Author                   = {Richard M. Stallman},
  Pages                    = {31-39},
  Shorttitle               = {Free Software Definition, 1984},
  Year                     = {2002},
  Titleaddon               = {originally written in 1984},

  Annote                   = {Eines der frühestes Dokumente, die die Idea des GNU Projektes und der GNU Software skizzieren. Der längste Teil des Artikels diskutiert die Vorteile der freien Software für alle Beteiligten, selbst im Hinblick auf eine kommerzielle Nutzung.},
  Crossref                 = {StaGay2002a},
  Language                 = {english},
  Note                     = {Print},
  Owner                    = {reincke},
  Timestamp                = {2011.10.26}
}

@Incollection{Stallman1994a,
  Title                    = {Why Software Should Not Have Owners},
  Author                   = {Richard M. Stallman},
  Pages                    = {45-49},
  Shorttitle               = {Why Software Should Not Have Owners, 1994},
  Year                     = {2002},
  Titleaddon               = {originally written in 1994},

  Annote                   = {Wiederholt den Standpunkt, dass die Gesellschaft Software benötige, die sie lesen, berichtigen, anpassen und verbessern könne. Stattdessen würde Eigner von Software 'Black Boxes' liefern, die man nicht untersuchen könne. Ferner erwähnt der Artikel Möglichkeiten, wie man mit freier Software Geld verdienen könne, was zudem als eine wichtige Möglichkeit herausgestellt werde.},
  Crossref                 = {StaGay2002a},
  Language                 = {english},
  Note                     = {Print},
  Owner                    = {reincke},
  Timestamp                = {2011.10.26}
}

@Incollection{Stallman1996a,
  Title                    = {Free Software Definition},
  Author                   = {Richard M. Stallman},
  Pages                    = {41-43},
  Shorttitle               = {Free Software Definition, 1996},
  Year                     = {2002},
  Titleaddon               = {originally written in 1996},

  Annote                   = {Definiert die vier konstitutiven Eigenschaften Freier Software: die Freiheit, solche Programme ohne Einschränkungen zu nutzen, ihr Funktionieren zu studieren, Kopien davon weiterzugeben, und schließlich die Freiheit, solche Programme zu verbessern und diese Verbesserungen weiterzugeben. Zudem erläutert der Artikel Implikationen: Etwa mit der These, dass die Zugänglichkeit des Sourcecodes 'nur' eine Voraussetzung für diese Freiheiten sei, kein Wert an sich. Oder mit dem Hinweis, dass es also freie Software geben könne, die nicht Copyleft-Software sei.},
  Crossref                 = {StaGay2002a},
  Language                 = {english},
  Note                     = {Print},
  Owner                    = {reincke},
  Timestamp                = {2011.10.21}
}

@Incollection{Stallman1996b,
  Title                    = {Selling Free Software},
  Author                   = {Richard M. Stallman},
  Pages                    = {63-65},
  Shorttitle               = {Selling Free Software, 1996},
  Year                     = {2002},
  Titleaddon               = {originally written in 1996},

  Annote                   = {Opponiert gegen den Mythos, dass mit freier Software kein Geld verdient werden dürfe. Vielmehr lege die GPL diesbzgl. gerade nicht fest, wieviel für das Kopieren der GNU Software verlangt werden dürfe: das könne kostenlos sein oder Cents, ein Euro oder Milliraden von Euros kosten.},
  Crossref                 = {StaGay2002a},
  Language                 = {english},
  Note                     = {Print},
  Owner                    = {reincke},
  Timestamp                = {2011.10.26}
}

@Incollection{Stallman1996c,
  Title                    = {What is Copyleft?},
  Author                   = {Richard M. Stallman},
  Pages                    = {89-90},
  Shorttitle               = {What is Copyleft?, 1996},
  Year                     = {2002},
  Titleaddon               = {originally written in 1996},

  Annote                   = {Beschreibt 'Copyleft' als Methode, mit der Programme und all deren Modifikationen und Ableitungen zu freier Software gemacht werden: Zunächst unterstelle man es dem normalen Copyright. Dann erlaube man als Copyright-Inhaber die freie Nutzung, Veränderung und Weitergabe, sofern diese Erlaubnis nicht entfernt worden werde. [In Deutschland braucht der Urheber die Urheberschaft nicht über eine Copyright-Notiz zu beanspruchen und also das Gemeinfrei-Werden nicht extra zu verhindern. Als Urheber er ist immer schon der Inhaber der Urheberrechte.]},
  Crossref                 = {StaGay2002a},
  Language                 = {english},
  Note                     = {Print},
  Owner                    = {reincke},
  Timestamp                = {2011.10.27}
}

@Incollection{Stallman1997a,
  Title                    = {The Right to Read},
  Author                   = {Richard M. Stallman},
  Pages                    = {73-77},
  Shorttitle               = {The Right to Read, 1997},
  Year                     = {2002},
  Titleaddon               = {originally written in 1997},

  Annote                   = {Aus der antizipierten Sicht des Jahres 2096 erläutert Stallman das Dilemma eines Studenten, der seiner Freundin helfen möchte. Allerdings dürfe er das nicht, weil es dazu nötig wäre, ihr seine e-books auf seinem Rechner zum Lesen zu geben. Und genau das sei verboten und werde über eine unheilige Allianz von Verlegern und Combuterherstellern technisch verhindert.},
  Crossref                 = {StaGay2002a},
  Language                 = {english},
  Note                     = {Print},
  Owner                    = {reincke},
  Timestamp                = {2011.10.27}
}

@Incollection{Stallman1999a,
  Title                    = {The GNU Project},
  Author                   = {Richard M. Stallman},
  Pages                    = {15-30},
  Shorttitle               = {The GNU Project, 1999},
  Year                     = {2002},
  Titleaddon               = {originally published in 'Open Sources: Voices from the Open Source Revolution, O'Reilly, 1999'},

  Annote                   = {Der Artikel skizziert Aspekte der Geschichte, der Ziele und der Philosophie des GNU Projektes.},
  Crossref                 = {StaGay2002a},
  Language                 = {english},
  Note                     = {Print},
  Owner                    = {reincke},
  Timestamp                = {2011.10.12}
}

@Incollection{Stallman2000a,
  Title                    = {What's in a Name?},
  Author                   = {Richard M. Stallman},
  Pages                    = {51-53},
  Shorttitle               = {What's in a Name?, 2000},
  Year                     = {2002},
  Titleaddon               = {originally written in 2000},

  Annote                   = {Betont die Wichtigkeit, von 'GNU/Linux' und nicht von 'Linux' zu sprechen: Der Name 'Linux' allein erleichtere es, freie und nicht freie Software zu kombinieren, sodass am Ende die Kampagne für freie Software, weil unterlaufen, praktisch scheitern könnte. 'GNU/Linux' bewahre und transportieren als Name dagegen die Idee, freie Software auf eine spezielle Weise zu nutzen, und das selbst jenen gegenüber, die die Philosophie nicht sofort unterstützen.},
  Crossref                 = {StaGay2002a},
  Language                 = {english},
  Note                     = {Print},
  Owner                    = {reincke},
  Timestamp                = {2011.10.26}
}

@Incollection{Stallman2000b,
  Title                    = {Free Software Needs Free Documentation},
  Author                   = {Richard M. Stallman},
  Pages                    = {67-68},
  Shorttitle               = {Free Software Needs Free Documentation, 2000},
  Year                     = {2002},
  Titleaddon               = {originally written in 2000},

  Annote                   = {Betont, dass Freie Software eine gute freie Dokumentation benätige, um praktisch nutzbar zu sein: Das Fehlen guter freier Handbücher unterlaufe die Freiheit, freie Software wirklich frei nutzen können.},
  Crossref                 = {StaGay2002a},
  Language                 = {english},
  Note                     = {Print},
  Owner                    = {reincke},
  Timestamp                = {2011.10.27}
}

@Incollection{Stallman2001a,
  Title                    = {Free Software: Freedom and Cooperation},
  Author                   = {Richard M. Stallman},
  Pages                    = {155-186},
  Shorttitle               = {Free Software: Freedom and Cooperation, 2001},
  Year                     = {2002},
  Titleaddon               = {transscript of a speech given at New York University on 29 May 2001},

  Annote                   = {Fasst Aspekte der Idee 'Freie Software' zusammen und erzählt deren Genese aus persönlicher Sicht von RMS.},
  Crossref                 = {StaGay2002a},
  Language                 = {english},
  Note                     = {Print},
  Owner                    = {reincke},
  Timestamp                = {2011.10.27}
}

@Incollection{Stallman2002a,
  Title                    = {The Danger of Software Patents},
  Author                   = {Richard M. Stallman},
  Pages                    = {95-111},
  Shorttitle               = {The Danger of Software Patents, 2002},
  Year                     = {2002},
  Titleaddon               = {transcript of a speech given at University of Cambridge, London on the 25th of March 2002},

  Annote                   = {Stallman betont zunächst den Unterschied zwischen Patent und Urheberrecht an einem Programm: ersteres 'sichere' die Idee, letztere nur die Form. Dann diskutiert er Möglichkeiten, Patenten 'entgegen' zu treten.},
  Crossref                 = {StaGay2002a},
  Language                 = {english},
  Note                     = {Print},
  Owner                    = {reincke},
  Timestamp                = {2011.10.31},
  Urldate                  = {2013-02-18}
}

@Incollection{Stallman2002b,
  Title                    = {Can You Trust Your Computer?},
  Author                   = {Richard M. Stallman},
  Pages                    = {115-117},
  Shorttitle               = {Can You Trust Your Computer?, 2002},
  Year                     = {2002},
  Titleaddon               = {[originally written in 2002]},

  Annote                   = {Erläutert die Umsetzung von 'DRM' und 'trusted computing' als eine Verschlüsselung von Daten, die werksseitig immer schon in Software und Computer eingebaut sei. Da aber in diesem Fall der Schlüssel dem Besitzer vorenthalten werde, kontrolliere letztlich das Programm respektive die Maschine den Besitzer, nicht der Besitzer seine Maschine. Und eben deshalb spricht RMS vom 'Digitial Restriction Management' und vom 'Treacherous Computing'.},
  Crossref                 = {StaGay2002a},
  Language                 = {english},
  Note                     = {Print},
  Owner                    = {reincke},
  Timestamp                = {2011.10.27}
}

@Incollection{Stallman1998a,
  Title                    = {Why 'Free Software' is Better than 'Open Software'},
  Author                   = {Richard M. Stallman},
  Pages                    = {55-60},
  Shorttitle               = {Why 'Free Software' is Better than 'Open Software', 1998},
  Year                     = {1998},
  Titleaddon               = {originally written in 1998},

  Annote                   = {Behauptet, dass der Begriff 'Open Source' darauf ausgelegt sei, das Recht auf freie Software nicht so in den Vordergrund zu heben. Unterstreicht dann, dass das GNU Projekt beim Begriff 'Freie Software' bleibe, um Idee und Anspruch der Freiheit ohne Ängste zu propagieren.},
  Crossref                 = {StaGay2002a},
  Language                 = {english},
  Note                     = {Print},
  Owner                    = {reincke},
  Timestamp                = {2011.10.26}
}

@Inproceedings{SteHam2008a,
  Title                    = {Connecting Babbling Bazaars - Der Open-Source-Gedanke im Wandel zum offenen Service},
  Author                   = {Marc Steinbring and Thorsten Hampel},
  Pages                    = {73-97},
  Shorttitle               = {Connecting Babbling Bazaars - Der Open-Source-Gedanke im Wandel zum offenen Service, 2008},
  Year                     = {2008},

  Annote                   = {Redet - wenig konkret - einer 'Symbiose' von offenen Strukturen und der Kommerzialisierung das Wort. Open Source scheint dabei als Ideengeber das freien Web-2.0 verstanden zu werden.},
  Crossref                 = {AscBauMitSee2008a},
  Language                 = {german},
  Note                     = {Print},
  Owner                    = {reincke},
  Timestamp                = {2011.09.01}
}

@Misc{AsfLicenses2013a,
  Title                    = {Licenses},

  Author                   = {{Apache Software Foundation}},
  Shorttitle               = {Apache Licenses, 2013},
  Year                     = {2013 [n.y ]},

  Annote                   = {Erzählt die Geschichte der Apache Lizenzen und bezeichnet die Versionen 1.0 and 1.1 als 'historical' - nur die Version 2.0 ist von der OSI als Open Source Lizenz klassifiziert worden.},
  Language                 = {english},
  Note                     = {FreeWeb/Html},
  Owner                    = {reincke},
  Timestamp                = {2013.02.24},
  Url                      = {http://www.apache.org/licenses/},
  Urldate                  = {2013-02-25}
}

@Misc{AsfApacheLicense20a,
  Title                    = {Apache License, Version 2.0},

  Author                   = {{Apache Software Foundation}},
  Shorttitle               = {Apache License, 2.0},
  Year                     = {2004},

  Annote                   = {Orignaltext der Apache-Lizenz. Beschreibt die 'Does and Don'ts'.},
  Language                 = {english},
  Note                     = {FreeWeb/Html},
  Owner                    = {reincke},
  Timestamp                = {2011.08.31},
  Url                      = {http://www.apache.org/licenses/LICENSE-2.0},
  Urldate                  = {2011-08-31}
}

@Article{Babcock2006a,
  Title                    = {Big Test For Open Source GPL},
  Author                   = {Charles Babcock},
  Journal                  = {Informationweek},
  Pages                    = {o.A.},
  Shorttitle               = {Big Test For Open Source GPL, 2006},
  Volume                   = {17},
  Year                     = {2006},
  Month                    = {Dezember},

  Annote                   = {Sehr kurzer Artikel. Behauptet, der bekannte Fall 'Jacobsen v. Katzer' sichere nur die Artistic License ab. Für die GPL würde die Free Software Foundation unter derselben Interpretation das Recht erhalten, Cisco davon abzubringen, eine bestimmte OS Software weiter zu nutzen - ein möglicher, großer Test für die GPL.},
  Language                 = {english},
  Note                     = {Copy},
  Owner                    = {reincke},
  Timestamp                = {2012.03.09}
}

@Book{Berry2008a,
  Title                    = {Copy, Rip, Burn},
  Address                  = {London},
  Author                   = {David M. Berry},
  Shorttitle               = {Copy, Rip, Burn, 2008a},
  Year                     = {2008},
  ISBN                     = {978-0-7453-2414-2},
  Publisher                = {Pluto Press},
  Titleaddon               = {The Politics of Copyleft and Open Source},

  Annote                   = {Dies soziologische Buch enthält zumindest eine Hinweise zur Geschichte von Open Source - bezogen auf die internen 'Schlachten' ('from software to open source?') und deren Diskursformen ('the contestation of code').},
  Language                 = {english},
  Note                     = {Print},
  Owner                    = {reincke},
  Timestamp                = {2012.02.28}
}

@Misc{wpBlackDuck2014a,
  Title                    = {Top 20 Open Source Licenses},

  Author                   = {{Black Duck}},
  Shorttitle               = {Top 20 Open Source Licenses, 2014},
  Year                     = {2014 [n.y]},

  Annote                   = {Listet die 20 wichtigsten Open Source Lizenzen, bezogen auf die Black Duck Wissensbasis},
  Language                 = {english},
  Note                     = {FreeWeb/HTML},
  Owner                    = {reincke},
  Timestamp                = {2014.02.11},
  Url                      = {http://www.blackducksoftware.com/resources/data/top-20-open-source-licenses},
  Urldate                  = {2014-02-11}
}

@Book{Booth2010a,
  Title                    = {Peer Production and Software. What Mozilla Has To Teach Government},
  Address                  = {Cambridge (Massachusetts) and London (England)},
  Author                   = {David R. Booth},
  Shorttitle               = {Peer Production and Software, 2010},
  Year                     = {2010},
  ISBN                     = {978-0-262-51461-3},
  Publisher                = {MIT Press},
  Series                   = {The John D. and Catherine T. MacArthur Foundation Reports on Digital Media and Learning},

  Annote                   = {Beschreibt entfernte Aspekte der Kooperation beim Mozilla / Firefox Projekt.},
  Language                 = {english},
  Note                     = {Print},
  Owner                    = {reincke},
  Timestamp                = {2012.03.09}
}

@Book{BruHarPicCreFieHen2004a,
  Title                    = {Open-Source Software. Eine ökonomische und technische Analyse},
  Address                  = {Berlin u. Heidelberg},
  Author                   = {Bernd Brügge and Dietmar Harhoff and Arnold Picot and Oliver Creighton and Marina Fiedler and Joachim Henkel},
  Shorttitle               = {Open-Source Software, 2004},
  Year                     = {2004},
  ISBN                     = {3-540-20366-4},
  Publisher                = {Springer},

  Annote                   = {Möchte eigenem Bekunden nach 'mit den wesentlichen Einflussfaktoren' von OSS vertraut machen: es clustert die Lizenzen und liefert neben Beispielen und Aussagen zum Entwicklungsprozess auch Aussagen über die Beteiligung von Firmen an der Nutzung und Entwicklung von Open Source Software. Interessanterweise wird aber die Pflicht, die Firmen mit der Nutzung eingehen, nicht wirklich thematisiert.},
  Comment                  = {FaM BRuW 05/QH 500 B889},
  Language                 = {german},
  Note                     = {Print},
  Owner                    = {reincke},
  Timestamp                = {2011.07.29}
}

@Book{Buchtala2007a,
  Title                    = {Determinanten der Open Source Software-Lizenzwahl},
  Address                  = {Frankfurt am Main, Berlin, Bern [... u.a.O.]},
  Author                   = {Rouven Buchtala},
  Shorttitle               = {Determinanten der Open Source Software-Lizenzwahl, 2007},
  Year                     = {2007},
  ISBN                     = {978-3-631-57114-9},
  Number                   = {12},
  Publisher                = {Peter Lang},
  Series                   = {Informationsmanagement und strategische Unternehmensführung)},
  Titleaddon               = {Eine spieltheoretische Analyse},

  Annote                   = {Die Arbeit will ermitteln, welche Faktoren die Wahl einer OS-Lizenz beeinflussen. Dazu wird ein spieltheoretischer Ansatz als Kriterium gewählt. Bestehende OS-Lizenzen klassifiziert der Autor als 'permissiv', 'restriktiv' und 'hochrestriktiv'. Diese Unterscheidung erhellt inhaltlich die Bedingungen der Lizenzerfüllung. Die Namen der Klassen denkt der Autor allerdings aus Sicht einer Firma, die sich möglichst uneingeschränkt bedienen will. Dabei entfällt jedoch die Intention der OS-Lizenzgeber, gewährte Freiheiten abzusichern.},
  Language                 = {german},
  Note                     = {Print},
  Owner                    = {karsten},
  Timestamp                = {2010.06.02}
}

@Book{Bygott1992,
  Title                    = {David Bygott's Gnu Book. A light-hearted look at the Gnu, or Wildebeest},
  Address                  = {Southerton, Harare},
  Author                   = {David Bygott},
  Shorttitle               = {David Bygott's Gnu Book, 1992},
  Year                     = {1992},
  ISBN                     = {0-7974-1082-1},
  Publisher                = {Robert Woollacott},
  Titleaddon               = {firstly published 1998},

  Annote                   = {'Nur' ein witziges kleines Comic-Buch, das mit der ähnlichen Aussprache der Wörter 'GNU' und 'nu' oder 'new' spielt und so den 'Revegnue' oder den 'Sgnuker' illustriert.},
  Language                 = {english},
  Note                     = {Print},
  Owner                    = {reincke},
  Timestamp                = {2011.08.12}
}

@Book{Chen2006a,
  Title                    = {Free/Open Source Software. Licensing},
  Address                  = {Shri Pratap Udyog, Sriniwas Puri, New Delhi},
  Author                   = {{Shun-ling} Chen},
  Shorttitle               = {Free/Open Source Software. Licensing, 2006},
  Year                     = {2006},
  ISBN                     = {978-81-312-0422-1},
  Publisher                = {Elsevier India},

  Annote                   = {Grenzt kurz 'Free Software' gegen 'Open Source Software' ab und beschreibt dann den Akt der Lizenzierung selbst.},
  Language                 = {english},
  Note                     = {FreeWeb/PDF},
  Owner                    = {reincke},
  Timestamp                = {2013.02.02},
  Url                      = {http://www.iosn.net/licensing/foss-licensing-primer/foss-licensing-final.pdf},
  Urldate                  = {2013-02-02}
}

@Book{CoaBow2004a,
  Title                    = {Apache Kochbuch},
  Address                  = {Beijing [... u.a.O.]},
  Author                   = {Ken Coar and Rich Bowen},
  Shorttitle               = {Apache Kochbuch, 2004},
  Year                     = {2004},
  ISBN                     = {3-89721-371-0},
  Publisher                = {O'Reilly},
  Titleaddon               = {deutsche Übersetzung v. Jochen Wiedmann},

  Annote                   = {Interessant insofern, als die 'Apache License', die den vielfältigen Einsatz dieses http-Servers erst ermöglicht hat, in dem Buch nicht vorkommt. Die Frage, ob und wann man diese Software nutzen und installieren darf, ob und wann welche Module verwendet werden dürfen, wird nicht gestellt, geschweige denn beantwortet.},
  Language                 = {german},
  Note                     = {Print},
  Owner                    = {reincke},
  Timestamp                = {2011.08.04}
}

@Misc{CopyLeftOrg2014a,
  Title                    = {What is copyleft.org},

  Author                   = {copyleft.org},
  Shorttitle               = {What is copyleft.org, 2014},
  Year                     = {2014},

  Address                  = {n.l},
  Annote                   = {Homepage of the collaborative project to create and disseminate useful information, tutorial material, and new policy ideas regarding all forms of copyleft licensing},
  Language                 = {english},
  Note                     = {FreeWeb/HTML},
  Owner                    = {reincke},
  Timestamp                = {2014.12.15},
  Url                      = {http://copyleft.org/},
  Urldate                  = {2014-12-15}
}

@Book{DeNicolo2010a,
  Title                    = {Open Source Software - Rechtliche Aspekte nach deutschem und italienischem Recht. Eine rechtsvergleichende Studie.},
  Address                  = {Regensburg},
  Author                   = {Christopher {De Nicolò}},
  Shorttitle               = {Open Source Software - Rechtliche Aspekte nach deutschem und italienischem Recht, 2010},
  Year                     = {2010},
  Publisher                = {Universität Regensburg},
  Titleaddon               = {Dissertation},

  Annote                   = {Untersuchung, in wie weit Open Source Software - trotz europäischer Normierung - im italienischen und deutschen Urheberrecht, Vertragsrecht und Haftungsrecht je unterschiedlich behandelt wird. Bzgl. der Urheberrechte bestehe ein gleichwertiger Schutz, die 'vertragstypologische Einordnung' stelle dagegen eine Herausforderung dar. In Deutschland müsse man bei Copyleft-Lizenzen von einem Tauschvertrag ausgehen, für die anderen OS-Lizenzen von einer Schenkung. Letzteres sei in Italien aber rechtlich problematisch. In der Haftungsfrage herrsche wieder Gleichwertigkeit.},
  Comment                  = {Präsenz FaM Bibliothek Recht und Wirtschaft 05/PZ 3400 D278},
  Language                 = {german},
  Note                     = {Print},
  Owner                    = {reincke},
  Timestamp                = {2011.08.01}
}

@Misc{DFSG2013a,
  Title                    = {The Debian Free Software Guidelines (DFSG)},

  Author                   = {{Debian}},
  Shorttitle               = {The Debian Free Software Guidelines, 2013},
  Year                     = {2013 [J.o.A.]},

  Annote                   = {Enthält neuen Kriterien anhand derer Software als frei klassifiziert wird. Diese Kriterien sind in den Debian Social Contract eingebttet und in die Open Source Definition eingearbeitet wordem.},
  Language                 = {english},
  Note                     = {FreeWeb/HTML},
  Owner                    = {reincke},
  Timestamp                = {2012.07.03},
  Url                      = {http://www.debian.org/social_contract#guidelines},
  Urldate                  = {2013-01-22}
}

@Book{Eckl2004a,
  Title                    = {Die politische Ökonomie der Wissenschaftsgesellschaft. Geistige Eigentumsrechte und die Frage des Zugangs zu Ideen},
  Address                  = {Marburg},
  Author                   = {Julian Eckl},
  Shorttitle               = {Die politische Ökonomie der Wissenschaftsgesellschaft, 2004},
  Year                     = {2004},
  ISBN                     = {3-8288-8735-X},
  Publisher                = {Tectum Verlag},

  Annote                   = {Versucht zu zeigen, dass die Idee des 'Geistigen Eigentums' von Anbeginn an politisch umstritten gewesen ist und das Open Source die aktuelle 'State-of-the-Art'-Position daher zurecht herausfordert. Das Buch enthält eine kurze, aber aussagekräftige Zusammenfassung der 'Open-Source'-Geschichte.},
  Language                 = {german},
  Note                     = {Print},
  Owner                    = {reincke},
  Timestamp                = {2011.10.04}
}

@Misc{EplAndCpl2005a,
  Title                    = {CPL to EPL Conversion},

  Author                   = {{Eclipse Foundation}},
  Shorttitle               = {CPL to EPL Conversion, 2005},
  Year                     = {2013 [n.y. of the page itself]},

  Annote                   = {Diese Seite präsentiert Marterialien die 'transition from the CPL to the EPL' betreffend, die in 2004 begonnen und in 2005 abgeschlossen worden ist.},
  Language                 = {english},
  Note                     = {FreeWeb/HTML},
  Owner                    = {reincke},
  Timestamp                = {2013.02.07},
  Url                      = {http://www.eclipse.org/legal/cpl2epl/},
  Urldate                  = {2013-02-20}
}

@Misc{Epl10EclipseFoundation2005a,
  Title                    = {Eclipse Public License, Version 1.0},

  Author                   = {{Eclipse Foundation}},
  Shorttitle               = {EPL-EF-1.0, 2005},
  Year                     = {2005 [n.y. of the page itself]},

  Annote                   = {Die Eclipse Public License 1.0, wie sie von der Eclipse Foundation präsentiert wird},
  Language                 = {english},
  Note                     = {FreeWeb/HTML},
  Owner                    = {reincke},
  Timestamp                = {2013.02.07},
  Url                      = {http://www.eclipse.org/org/documents/epl-v10.php},
  Urldate                  = {2013-02-20}
}

@Misc{EuplLicense2007de,
  Title                    = {Open-Source-Lizenz für die Europäische Union},

  Author                   = {{Europäische Gemeinschaft} and {European commission Joinup}},
  Shorttitle               = {EUPL-1.1/DE, 2007},
  Year                     = {2007},

  Annote                   = {Die deutsche Version der EPL - gemäß OSI (http://opensource.org/licenses/EUPL-1.1) sind auch die Übersetzungen zertifziert},
  Language                 = {german},
  Note                     = {FreeWeb/HTML},
  Owner                    = {reincke},
  Timestamp                = {2013.02.07},
  Url                      = {http://joinup.ec.europa.eu/system/files/DE/EUPL%20v.1.1%20-%20Lizenz.pdf},
  Urldate                  = {2013-02-08}
}

@Misc{FsfEuplRecomment2013,
  Title                    = {New FSF statements on the EUPL are a step in the right direction},

  Author                   = {{European Community} and {European commission Joinup}},
  Shorttitle               = {New FSF statements on the EUPL, 2013},
  Year                     = {2013 [n.y]},

  Annote                   = {Die Antwort der EU auf das FSF Statement bzgl. des eingeschränkten Copylefteffekts der EUPL-1.1},
  Language                 = {english},
  Note                     = {FreeWeb/HTML},
  Owner                    = {reincke},
  Timestamp                = {2013.03.05},
  Url                      = {https://joinup.ec.europa.eu/community/eupl/news/new-fsf-statements-eupl-are-step-right-direction},
  Urldate                  = {2013-03-05}
}

@Misc{EuplLicense2007en,
  Title                    = {European Union Public Licence v. 1.1.},

  Author                   = {{European Community} and {European commission Joinup}},
  Shorttitle               = {EUPL-1.1/EN, 2007},
  Year                     = {2007},

  Annote                   = {Die englische Version der EPL - gemäß OSI (http://opensource.org/licenses/EUPL-1.1) sind auch die Übersetzungen zertifziertd},
  Language                 = {english},
  Note                     = {FreeWeb/HTML},
  Owner                    = {reincke},
  Timestamp                = {2013.02.07},
  Url                      = {http://joinup.ec.europa.eu/system/files/EN/EUPL%20v.1.1%20-%20Licence.pdf},
  Urldate                  = {2013-02-08}
}

@Book{Feig1996a,
  Title                    = {Einführung in GNU},
  Address                  = {München u. Wien},
  Author                   = {Michael Feig},
  Shorttitle               = {Einführung in GNU, 1996},
  Year                     = {1996},
  ISBN                     = {3-446-18311-6},
  Publisher                = {Carl Hanser Verlag},
  Series                   = {Unix easy},

  Annote                   = {Ist auf das GNU-Projekt als eine Sammlung von einzelnen freien Tools ausgerichtet, die ein freies Unix konstituieren sollen. Die Lizenzfrage und die Philosophie werden jedoch nur sehr grob in einem Absatz abgehandelt. Dafür beleuchtet diese ältere Buch die einzelnen, meist in einer Shell ablaufenden Applikationen sehr detailliert. Es ist sozusagen ein praktisches Handbuch für die älteren 'Anwendungsprogramme von GNU'.},
  Comment                  = {FaM Bibliothek Recht und Wirtschaft 05/ST 261 U61 F297},
  Language                 = {german},
  Note                     = {Print},
  Owner                    = {reincke},
  Timestamp                = {2011.08.01}
}

@Book{Fogel2006a,
  Title                    = {Producing Open Source Software},
  Address                  = {Beijing, Cambridge, Köln [...]},
  Author                   = {Karl Fogel},
  Shorttitle               = {Producing Open Source Software, 2006},
  Year                     = {2006},
  ISBN                     = {978-0-596-00759-1},
  Publisher                = {O'Reilly},
  Titleaddon               = {How to Run a Successful Free Software Project},

  Annote                   = {Bekanntes Englisch sprachiges Standardwerk. Beschreibt in erster Linie das Doing der eigentlichen Entwicklung. Linzenzfragen werden in einem kurzen Kapitel abgehandelt. Enthält dort eine sehr saubere Abgrenzung der Begriffe Free Software, Open Source Software, FLOSS etc. Behandelt auch das Problem der Lizenzkompatibilität.},
  Eid                      = {ISBN: 978-0-596-00759-1},
  Language                 = {english},
  Note                     = {Print},
  Owner                    = {reincke},
  Timestamp                = {2011.05.17}
}

@Misc{FsfLicenseList2013a,
  Title                    = {Various Licenses and Comments about Them},

  Author                   = {{Free Software Foundation}},
  Shorttitle               = {Various Licenses and Comments about Them, 2013},
  Year                     = {2013 [n.y.]},

  Annote                   = {Die GNU-Softwarelizenzliste , eingeteilt in die Kategorien 'GPL-Compatible Free Software Licenses', 'GPL-Incompatible Free Software Licenses' und 'Nonfree Software Licenses'.},
  Language                 = {english},
  Note                     = {FreeWeb/HTML},
  Owner                    = {reincke},
  Timestamp                = {2012.07.03},
  Url                      = {http://www.gnu.org/licenses/license-list.html},
  Urldate                  = {2013-02-08}
}

@Misc{Gpl30FsfLicense2007a,
  Title                    = {GNU General Public License [version 3]},

  Author                   = {{Free Software Foundation}},
  Shorttitle               = {The GPL-3.0 License (FSF), 2007},
  Year                     = {2007 [n.y. of the html page itself]},

  Annote                   = {Die GPL-3.0 -- die aktuelle GNU Lizenz mit starkem Copyleft},
  Language                 = {english},
  Note                     = {FreeWeb/HTML},
  Owner                    = {reincke},
  Timestamp                = {2013.03.06},
  Url                      = {http://www.gnu.org/licenses/gpl.html},
  Urldate                  = {2013-03-06}
}

@Misc{Lgpl30FsfLicense2007a,
  Title                    = {GNU Lesser General Public License [version 3]},

  Author                   = {{Free Software Foundation}},
  Shorttitle               = {The LGPL-3.0 License (FSF), 2007},
  Year                     = {2007 [n.y. of the html page itself]},

  Annote                   = {Die LGPL-3.0 -- die aktuelle GNU Lizenz mit schwachem Copyleft},
  Language                 = {english},
  Note                     = {FreeWeb/HTML},
  Owner                    = {reincke},
  Timestamp                = {2013.03.06},
  Url                      = {http://www.gnu.org/copyleft/lesser.html},
  Urldate                  = {2013-03-06}
}

@Misc{Lgpl21FsfLicense1999a,
  Title                    = {GNU Lesser General Public License [version 2.1]},

  Author                   = {{Free Software Foundation}},
  Shorttitle               = {The LGPL-2.1 License (FSF), 1999},
  Year                     = {1999 [n.y. of the html page itself]},

  Annote                   = {Die LGPL-2.1 -- die zweite GNU Lizenz mit schwachem Copyleft},
  Language                 = {english},
  Note                     = {FreeWeb/HTML},
  Owner                    = {reincke},
  Timestamp                = {2013.03.25},
  Url                      = {http://www.gnu.org/licenses/old-licenses/lgpl-2.1.html},
  Urldate                  = {2013-03-25}
}

@Misc{Gpl20FsfLicense1991a,
  Title                    = {GNU General Public License, version 2},

  Author                   = {{Free Software Foundation}},
  Shorttitle               = {The GPL-2.0 License (FSF), 1991},
  Year                     = {1991 [o.J der Htmlseite selbst]},

  Annote                   = {The GPL-2.0 license, using a strict copyleft. The first release was published in 1989. One of the main authors is probably Richard M. Stallman itself, even if today the Free Software Foundation is the copyright holder.},
  Language                 = {english},
  Note                     = {FreeWeb/HTML},
  Owner                    = {reincke},
  Timestamp                = {2012.07.03},
  Url                      = {http://www.gnu.org/licenses/gpl-2.0.html},
  Urldate                  = {2013-02-05}
}

@Misc{Lgpl20FsfLicense1991a,
  Title                    = {GNU Library General Public License [version 2.0]},

  Author                   = {{Free Software Foundation}},
  Shorttitle               = {The LGPL-2.0 License (FSF), 1991},
  Year                     = {1991 [n.y. of the html page itself]},

  Annote                   = {Die LGPL-2.0 -- die erste GNU Lizenz mit schwachem Copyleft},
  Language                 = {english},
  Note                     = {FreeWeb/HTML},
  Owner                    = {reincke},
  Timestamp                = {2013.03.25},
  Url                      = {http://www.gnu.org/licenses/old-licenses/lgpl-2.0.html},
  Urldate                  = {2013-03-25}
}

@Misc{FsfGnuOsLicenses2011a,
  Title                    = {GNU Operating System[:] Licenses},

  Author                   = {{Free Software Foundation}},
  Shorttitle               = {The GNU OS Licenses, 2011},
  Year                     = {2011},

  Annote                   = {Einstiegspunkt in den lizenzspezifischen Bereich der GNU OS Homepage.},
  Language                 = {english},
  Note                     = {FreeWeb/HTML},
  Owner                    = {reincke},
  Timestamp                = {2013.03.25},
  Url                      = {http://www.gnu.org/licenses/},
  Urldate                  = {2013-03-25}
}

@Book{Grassmuck2002a,
  Title                    = {Freie Software. Zwischen Privat- und Gemeineigentum},
  Address                  = {Bonn},
  Author                   = {Volker Grassmuck},
  Shorttitle               = {Freie Software, 2002},
  Year                     = {2002},
  ISBN                     = {3-89331-432-6},
  Publisher                = {Bundeszentrale für politische Bildung},
  Titleaddon               = {Themen und Materialien},

  Annote                   = {Deutsches Standardwerk, entstanden zu einer Zeit, als Open Source noch nicht en vogue war. Obwohl Art und Ausrichtung der Lizenzen mittlerweile stark gewachsen sind, bietet das Buch immer noch einen systematischen Leitfaden.},
  Language                 = {german},
  Note                     = {Print},
  Owner                    = {reincke},
  Timestamp                = {2011.03.16}
}

@Book{GuiOvd2006a,
  Title                    = {Unravelling the Myth around Open Source Licenses. An Anaysis from A Dutch and European Law Perspective},
  Address                  = {The Hague},
  Author                   = {Lucie Guibault and Ot van Daalen},
  Shorttitle               = {Unravelling the Myth around Open Source Licenses, 2006},
  Year                     = {2006},
  ISBN                     = {978-90-6704-214-7},
  Number                   = {8},
  Publisher                = {T. M. C. Asser Press},
  Series                   = {IT \& Law},

  Annote                   = {Beschreibt die Open Source Idea aus dem Blickwinkel des holländischen Rechtssystem. Es endet mit 5 Empfehlungen, die der OS Lizenzierung zu mehr Klarheit verhelfen sollen. Abgesehen vom Titel wird der Mythos von Open Source jedoch nicht explizit näher beleuchtet.},
  Language                 = {english},
  Note                     = {Print},
  Owner                    = {reincke},
  Timestamp                = {2012.05.17}
}

@Book{Heap1994a,
  Title                    = {OSI-Referenzmodell ohne Geheimnis},
  Address                  = {Hannover},
  Author                   = {Nicholas Heap},
  Shorttitle               = {OSI-Referenzmodell ohne Geheimnis, 1994},
  Year                     = {1994},
  ISBN                     = {3-88229-045-5},
  Publisher                = {Heise},
  Titleaddon               = {[aus dem Englischen] übers. v. G \& U, Flensburg},

  Annote                   = {OSI referenziert zumeist nicht die 'Open Source Initiative', sondern das 'Open Systems Interconnection Referenzmodell'. Hier ein älteres deutschsprachiges Werk, das 'OSI' als Netzwerkschichtung erläutert.},
  Language                 = {german},
  Note                     = {Print},
  Owner                    = {reincke},
  Timestamp                = {2011.08.04}
}

@Electronic{HofPfeWal2010a,
  Title                    = {Open Source School},
  Shorttitle               = {Neue Synergien zwischen Schule und Kiez in Gropiusstadt, 2010},

  Address                  = {Berlin},
  Author                   = {Susanne Hofmann and Sven Pfeiffer and Urs Walter},
  Titleaddon               = {Neue Synergien zwischen Schule und Kiez in Gropiusstadt. Architektur als sozialer Katalysator},
  Year                     = {2010},

  Annote                   = {Bietet trotz verführerischem Titel nichts, was zum Thema 'Open Source Software' gehören würde: es geht um eine spezielle Art der Architekturvermittlung.},
  Language                 = {german},
  Note                     = {FreeWeb/PDF},
  Owner                    = {reincke},
  Timestamp                = {2011.06.29},
  Url                      = {http:// opus. kobv. de/ tuberlin/ volltexte/ 2010/ 2841/ pdf/ 9783798322738_content.pdf}
}

@Misc{ifross2011a,
  Title                    = {Lizenz-Center},

  Author                   = {ifross},
  Shorttitle               = {ifross Lizenz-Center, 2011},
  Year                     = {2011},

  Annote                   = {Listet mehr Open-Source-LIzenzen auf als das OSI-Institut selbst. Sie werden eingeteilt in solche ohne Copyleft-Effekt, in solche mit strengem Copyleft-Effekt und in solche mit begrenztem Copyleft-Effekt, was eine der durchdachtesten Darstellung überhaupt ist.},
  Language                 = {german},
  Note                     = {FreeWeb/HTML},
  Owner                    = {reincke},
  Timestamp                = {2011.09.05},
  Url                      = {http://www.ifross.org/lizenz-center},
  Urldate                  = {2011-09-05}
}

@Misc{ifross2011b,
  Title                    = {Ziele, Aufgaben, Geschichte},

  Author                   = {ifross},
  Shorttitle               = {Ziele, Aufgaben, Geschichte, 2011},
  Year                     = {2011},

  Annote                   = {Beschreibt Ziele und Geschichte des 'Instituts für Rechtsfragen der Freien und Open Source Software': es wurde 2000 als Privatinstitut gegründet und soll das Phänomen 'Freie Software' aus rechtswissenschaftlicher Sicht begleiten.},
  Language                 = {german},
  Note                     = {FreeWeb/HTML},
  Owner                    = {reincke},
  Timestamp                = {2011.09.05},
  Url                      = {http://www.ifross.org/node/16},
  Urldate                  = {2011-09-05}
}

@Misc{ifross2011c,
  Title                    = {FAQ - Häufig gestellte Fragen},

  Author                   = {ifross},
  Shorttitle               = {FAQ, 2011},
  Year                     = {2011},

  Annote                   = {Diese Seite präsentiert Kernaussagen zum Thema 'Open Source', und zwar in Form einer FAQ-Liste.},
  Language                 = {german},
  Note                     = {FreeWeb/HTML},
  Owner                    = {reincke},
  Timestamp                = {2011.09.05},
  Url                      = {http://www.ifross.org/faq-haeufig-gestellte-fragen},
  Urldate                  = {2011-09-05}
}

@Book{ifross2005a,
  Title                    = {Die GPL kommentiert und erklärt},
  Address                  = {Beijing, Cambridge, Farnham [etc ..]},
  Author                   = {ifross and Till Jaeger and Olaf Koglin and Till Kreutzer and Axel Metzger and Carsten Schulz},
  Shorttitle               = {Die GPL kommentiert und erklärt, 2005},
  Year                     = {2005},
  ISBN                     = {3-89721-389-3},
  Publisher                = {O'Reilly},

  Annote                   = {Erläutert die jurstischen Implikationen und die Bedeutung der GPL - Abschnitt für Abschnitt und einschließlich der Bedeutung des Begriffs 'abgeleitetes Werk'},
  Language                 = {german},
  Note                     = {Print},
  Owner                    = {reincke},
  Timestamp                = {2012.02.28}
}

@Misc{Ilardi2010a,
  Title                    = {Common OSS License Problems},

  Author                   = {Terry J. Ilardi},
  Shorttitle               = {Common OSS License Problems, 2010},
  Year                     = {2010},

  Address                  = {n.l},
  Annote                   = {Discusses the main aspects of different open source licenses},
  Language                 = {english},
  Note                     = {FreeWeb/PDF},
  Owner                    = {reincke},
  Timestamp                = {2014.12.16},
  Url                      = {http://www2.aipla.org/html/spring/2010/papers/Ilardi_Paper.pdf},
  Urldate                  = {2014-12-16}
}

@Book{Imhorst2004a,
  Title                    = {Die Anarchie der Hacker. Richard Stallman und die Freie-Software-Bewegung},
  Address                  = {Marburg},
  Author                   = {Christian Imhorst},
  Shorttitle               = {Die Anarchie der Hacker, 2004},
  Year                     = {2004},
  ISBN                     = {3-8288-8769-4},
  Publisher                = {Tectum Verlag},

  Annote                   = {Versucht - etwas bemüht - die Geschichte von Open Source als eine Folge der Anarchie amerikanischer Bauart zu erzählen und berührt dabei die beiden Stränge: den freien Personalcomputer - später monopolisiert durch Mikrosoft - und die universitäre Tradition der freien Zusammenarbeit und des freien Austausches.},
  Language                 = {german},
  Note                     = {Print},
  Owner                    = {reincke},
  Timestamp                = {2012.02.20}
}

@Book{JaeMet2011a,
  Title                    = {Open Source Software. Rechtliche Rahmenbedingungen der Freien Software},
  Address                  = {München},
  Author                   = {Till Jaeger and Axel Metzger},
  Shorttitle               = {Open Source Software. Rechtliche Rahmenbedingungen der Freien Software, 2011},
  Year                     = {2011},
  Edition                  = {3},
  Publisher                = {Verlag C.H. Beck},

  Annote                   = {Die 3. aktuelle Ausgabe des wichtigsten deutschsprachigen Standardwerks zum Thema 'Open Source Lizenzen': Behält die 'bewährte Kapitelstruktur' bei, listet aber neue Lizenzenh auf und nebst vielem anderem auvh auf die Lizenzkombination ein. Ergo findet man erneut zu Open Source Lizenzen die Rechte und Pflichten der Softwarenutzer - wiederum nur leider eben nicht in Form abarbeitbarer Listen und auch nicht unter Berücksichtigung der verschiedenen Usecases, wie sie die Softwareentwicklung kennzeichnen. Das scheidet der Qualität dieses unumgehbaren Standardwerks nicht!},
  Language                 = {german},
  Note                     = {Print},
  Owner                    = {reincke},
  Timestamp                = {2011.07.27}
}

@Book{JaeMet2006a,
  Title                    = {Open Source Software. Rechtliche Rahmenbedingungen der Freien Software},
  Address                  = {München},
  Author                   = {Till Jaeger and Axel Metzger},
  Shorttitle               = {Open Source Software. Rechtliche Rahmenbedingungen der Freien Software, 2006},
  Year                     = {2006},
  Edition                  = {2},
  ISBN                     = {3406538037},
  Publisher                = {Verlag C.H. Beck},

  Annote                   = {Die 2. Ausgabe des wichtigsten deutschsprachigen Standardwerks zum Thema 'Open Source Lizenzen': Wie ifross unterteilt es Lizenzen jetzt als solche mit 'strenger Copyleft Klausel', solche mit 'beschränkter Copyleft-Klausel' und solche ohne 'Copyleft-Klausel'. Neben anderen Aspekten diskutiert das Buch nun die Durchsetzung von Open Source Lizenzen und die Wechselwirkungen zum AGB Recht. Und erneut beschreibt es bzgl. der wichtigsten Open Source Lizenzen Rechte und Pflichten der Softwarenutzer - wiederum nur leider eben nicht in Form abarbeitbarer Listen und auch nicht unter Berücksichtigung der verschiedenen Usecases, wie sie die Softwareentwicklung kennzeichnen. Allerdings bleibt es natürlich ein unumgehbares Standardwerk!},
  Language                 = {german},
  Note                     = {Print},
  Owner                    = {reincke},
  Timestamp                = {2011.07.27}
}

@Book{JaeMet2002a,
  Title                    = {Open Source Software. Rechtliche Rahmenbedingungen der Freien Software},
  Address                  = {München},
  Author                   = {Till Jaeger and Axel Metzger},
  Shorttitle               = {Open Source Software. Rechtliche Rahmenbedingungen der Freien Software, 2002},
  Year                     = {2002},
  Edition                  = {1},
  ISBN                     = {3406484026},
  Publisher                = {Verlag C.H. Beck},

  Annote                   = {Die 1. Ausgabe des wichtigsten deutschsprachigen Standardwerks zum Thema 'Open Source Lizenzen'; es behandelt wichtige Aspekte wie Haftung, Patente oder Marken. Und bzgl. jeder aufgelisteten Lizenz oder jedes erwähnten Lizenzclusters beschreibt es Rechte und Pflichten der Softwarenutzer - nur leider eben nicht in Form abarbeitbarer Listen und auch nicht unter Berücksichtigung der verschiedenen Usecases, wie sie die Softwareentwicklung kennzeichnen. Und trotzdem: es ist ein unumgehbares Standardwerk, zumindest in seiner letzten Ausgabe von 2011.},
  Language                 = {german},
  Note                     = {Print},
  Owner                    = {reincke},
  Timestamp                = {2011.07.27}
}

@Book{Kaes2008a,
  Title                    = {Rethinking industry practice. The emergence of openness in the embedded component industry},
  Address                  = {München},
  Author                   = {Simone Käs},
  Shorttitle               = {Rethinking industry practice; The emergence of openness, 2008},
  Year                     = {2008},
  ISBN                     = {978-3-86805-256-5},
  Publisher                = {Pro BUSINESS},

  Annote                   = {Untersucht den Wandel hin zur Offenheit in der Softwareentwicklung über Interviews innerhalb von 'Embedded-Linux'-Firmen. Das Ergebnis ist, dass die Offenheit kundengetrieben sei und zugleich einen Lernprozess innerhalb der Firmen bedinge. Das Buch enthält eine kurze, aber präzise Darstellung dessen, was OSS auch aus Lizenzsicht ist; eine systematische Darstellung der eingegangenen Verpflichtungen liefert es nicht.},
  Comment                  = {FaM Bibliothek Recht und Wirtschaft 05/QP 210 K11},
  Language                 = {english},
  Note                     = {Print},
  Owner                    = {reincke},
  Timestamp                = {2011.08.01}
}

@Book{Kersken2009a,
  Title                    = {Apache 2.2. Das umfassende Handbuch},
  Address                  = {Bonn},
  Author                   = {Sasche Kersken},
  Shorttitle               = {Apache 2.2 Handbuch, 2009},
  Year                     = {2009},
  ISBN                     = {978-8362-1325-7},
  Publisher                = {Galileo Press},
  Titleaddon               = {3., aktualisierte u. erw. Aufl.},

  Annote                   = {900+x Seiten starkes Handbuch mit einem 2 seitigen Abschnitt zu Geschichte und Inhalt der Apache Lizenz.},
  Language                 = {german},
  Note                     = {Print},
  Owner                    = {reincke},
  Timestamp                = {2011.08.31}
}

@Book{Koglin2007a,
  Title                    = {Opensourcerecht. Die urheber- und schuldrechtlichen Beziehungen zwischen Lizenzgeber und Lizenznehmer bei Open Source Software am Beispiel der General Public License (GPL)},
  Address                  = {Frankfurt am Main},
  Author                   = {Olaf Koglin},
  Shorttitle               = {Opensourcerecht, 2007},
  Year                     = {2007},
  ISBN                     = {978-3-631-56308-3},
  Number                   = {31},
  Publisher                = {Peter Lang},
  Series                   = {Schriften zum Wirtschafts- und Medienrecht, Steuerrecht und Zivilprozeßrecht},

  Annote                   = {Sehr gründliche Analyse der Gültigkeit und des Umfangs der GPL bezogen auf das allgemeine deutsche Recht, das Urheberrecht und das Vertragsrecht. Behandelt zudem detailliert und facettenreich die einzelnen GPL Bestimmung. Andere Open Source Lizenzen werden jedoch nicht in derselben Art behandelt.},
  Language                 = {german},
  Note                     = {Print},
  Owner                    = {reincke},
  Timestamp                = {2011.08.12}
}

@Book{Kugler2005a,
  Title                    = {Coordinating Innovation: Evidence from Open Source Development},
  Address                  = {St. Gallen},
  Author                   = {Petra Kugler},
  Shorttitle               = {Coordinating Innovation: Evidence from Open Source Development, 2005},
  Year                     = {2005},
  Publisher                = {University of. St. Gallen},
  Titleaddon               = {Dissertation},

  Annote                   = {Behandelt wird die Frage, wie sich informelle Organizationen samt ihrer Hierarchien etablieren. Open Source Communities werden als Beispiele genommen. Grob gesagt etablieren sich ihrer Strukturen auf der Basis von Themen- und Projektwissen. Open Source Lizenzen werden als Methode genommen, die den freien Austausch von Code erst ermöglichen. Wie sie konkret erfüllt werden, ist nicht Thema des Buches.},
  Language                 = {english},
  Note                     = {Print},
  Owner                    = {reincke},
  Timestamp                = {2011.08.04}
}

@Misc{KuhSebGin2014a,
  Title                    = {Copyleft and the GNU General Public License: A Comprehensive Tutorial and Guide},

  Author                   = {Bradley M. Kuhn and Anthony K. Sebo and Denver Gingerich and Free Software Foundation and Software Freedom Law Center},
  Shorttitle               = {Copyleft and the GNU General Public License, 2014},
  Year                     = {2014},

  Address                  = {n.l},
  Annote                   = {Large detailed explanation how to use (L)GPL software compliantly - offered by the FSF and its partners themselves},
  Language                 = {english},
  Note                     = {FreeWeb/PDF},
  Owner                    = {reincke},
  Timestamp                = {2014.12.15},
  Url                      = {http://copyleft.org/guide/comprehensive-gpl-guide.pdf},
  Urldate                  = {2014-12-15}
}

@Article{McAllister2003a,
  Title                    = {Licence to Profit [. Hybrid Open Source Licensing]},
  Author                   = {Neil McAllister},
  Journal                  = {New Architect and Web Techniques (www.newarchitectmag.com)},
  Pages                    = {o.A.},
  Shorttitle               = {Licence to Profit, 2003},
  Volume                   = {8},
  Year                     = {2003},

  Annote                   = {Sehr kurzer Artikel. Beschreibt allerdings auch, wie die Firma 'Mysql AB' sihre Dualizenzierung absichert: Sie lässt die Kontributoren das Copyright an ihren Modifikationen an Mysql AB übertragen. Damit erhält die Firma implizit auch das Recht, das Ergebnis unter jeder Lizenz zu veröffentlichen, die Mysql AB für richtig hält.},
  Language                 = {english},
  Note                     = {Copy},
  Owner                    = {reincke},
  Timestamp                = {2012.03.09}
}

@Book{Mla2009a,
  Title                    = {MLA Handbook for Writers of Research Papers},
  Address                  = {New York},
  Author                   = {MLA},
  Shorttitle               = {MLA Handbook, 2009},
  Year                     = {2009},
  Edition                  = {7},
  ISBN                     = {978-1-60329-024-1},
  Publisher                = {The Modern Language Association of America},

  Annote                   = {Der amerikanische Stil, dessen Vorzüge wir kennen und trotzdem nicht folgen.},
  Language                 = {english},
  Note                     = {Print},
  Owner                    = {reincke},
  Timestamp                = {2013.02.10}
}

@Misc{MogCho2014a,
  Title                    = {Software Freedom Law Center Guide to GPL Compliance, 2nd Edition},

  Author                   = {Even Moglen and Mishi Choudhary},
  Shorttitle               = {Software Freedom Law Center Guide to GPL Compliance, 2014},
  Year                     = {2014},

  Annote                   = {explains how to use (L)GPL licensed software compliantly},
  Language                 = {english},
  Note                     = {FreeWeb/HTML},
  Owner                    = {reincke},
  Timestamp                = {2014.12.15},
  Url                      = {https://www.softwarefreedom.org/resources/2014/SFLC-Guide_to_GPL_Compliance_2d_ed.html},
  Urldate                  = {2014-12-15}
}

@Book{Moody2002a,
  Title                    = {Rebel Code: Linux And The Open Source Revolution},
  Address                  = {[New York]},
  Author                   = {Glyn Moody},
  Shorttitle               = {Rebel Code, 2002},
  Year                     = {2002},
  ISBN                     = {978-0738206707},
  Publisher                = {Basic Books},

  Annote                   = {Das Original letzter Hand: wenn jemand nur ein Buch über 'Open Source' lesen möchte, dann dies.},
  Language                 = {english},
  Note                     = {Print},
  Owner                    = {reincke},
  Timestamp                = {2011.09.09}
}

@Book{Moody2001a,
  Title                    = {Die Software-Rebellen. Die Erfolgsstory von Linus Torvalds und Linux},
  Address                  = {Landsberg am Lech},
  Author                   = {Glyn Moody},
  Shorttitle               = {Die Software-Rebellen, 2001},
  Year                     = {2001},
  ISBN                     = {3-478-38730-2},
  Publisher                = {verlag moderne industrie},
  Titleaddon               = {aus dem Amerikanischen übers. v. Annemarie Pumpering; Amerikanische Ausgabe von aus dem Jahr 2000},

  Annote                   = {Wenn jemand nur ein Buch über 'Open Source' lesen möchte, geben Sie ihm dies: es erzählt - von nahezu allen wichtigen Aspekten.},
  Language                 = {german},
  Note                     = {Print},
  Owner                    = {reincke},
  Timestamp                = {2011.09.09}
}

@Misc{Mpl11MozFoundation2013a,
  Title                    = {Mozilla Public License Version 1.1},

  Author                   = {{Mozilla Foundation}},
  Shorttitle               = {Mozilla Public License Version 1.1, 2013},
  Year                     = {2013 [n.y.]},

  Annote                   = {Die Mozilla Public License 1.1, wie sie von der Mozilla Foundation angeboten wird},
  Language                 = {english},
  Note                     = {FreeWeb/HTML},
  Owner                    = {reincke},
  Timestamp                = {2013.03.05},
  Url                      = {http://www.mozilla.org/MPL/1.1/},
  Urldate                  = {2013-03-05}
}

@Misc{Mpl11To20MozFoundation2013a,
  Title                    = {About MPL 2.0: Revision Process and Changes FAQ},

  Author                   = {{Mozilla Foundation}},
  Shorttitle               = {MPL 2.0: Revision Process and Changes, 2013},
  Year                     = {2013 [n.y.]},

  Annote                   = {Über die Unterschiede zwischen der MPL-1.1 und der MPL-2.0: Die Mozilla Foundation sagt selbst dass 'the most important part of the license - the file-level copyleft - is essentially the same in MPL 2.0 and MPL 1.1'.},
  Language                 = {english},
  Note                     = {FreeWeb/HTML},
  Owner                    = {reincke},
  Timestamp                = {2013.03.05},
  Url                      = {http://www.mozilla.org/MPL/1.1/},
  Urldate                  = {2013-03-05}
}

@Misc{Mpl20MozFoundation2012a,
  Title                    = {Mozilla Public License 2.0 (MPL-2.0)},

  Author                   = {{Mozilla Foundation}},
  Shorttitle               = {Mozilla Public License 2.0 (MPL-2.0), 2012},
  Year                     = {2012},

  Annote                   = {Die Mozilla Public License 2.0, wie sie von der Mozilla Foundation angeboten wird.},
  Language                 = {english},
  Note                     = {FreeWeb/HTML},
  Owner                    = {reincke},
  Timestamp                = {2013.03.05},
  Url                      = {http://www.mozilla.org/MPL/2.0/},
  Urldate                  = {2013-03-05}
}

@Book{Mundhenke2007a,
  Title                    = {Wettbewerbswirkungen von Open-Source-Software und offenen Standards auf Softwaremärkten},
  Address                  = {Berlin, Heidelberg u. New York},
  Author                   = {Jens Mundhenke},
  Shorttitle               = {Wettbewerbswirkungen von Open-Source-Software und offenen Standards auf Softwaremärkten, 2007},
  Year                     = {2007},
  ISBN                     = {978-540-71415-6},
  Number                   = {338},
  Publisher                = {Springer},
  Series                   = {Kieler Studien},

  Annote                   = {Fragt, warum und wie Open Source Software erfolgreich im Markt agiert. Eine Antwort sei, dass OSS den Wettbewerbsdruck durch die blosse Existenz einer Alternative erhöht. Zur Analyse der Frage folgt das Buch der 'natürlichen' thematischen Struktur: es erläutert das Konzept Open Source, klassiziert die Lizenzen in Copyleft-, Noncopyleft-, Public Domain- und proprietäre Lizenzen und skizziert die Geschichte von Open Source.},
  Language                 = {german},
  Note                     = {Print},
  Owner                    = {reincke},
  Timestamp                = {2011.09.29}
}

@Misc{Netcraft2011a,
  Title                    = {August 2011 Web Server Survey},

  Author                   = {Netcraft},
  Shorttitle               = {Web Server Survey, 08/2011},
  Year                     = {2011},

  Annote                   = {Monatlich veröffentliche Statistik, die Webpräsenzen und die auslieferenden Webserver zählt. Demnach ist der Apache-Webserver seit 1996 die dafür am meisten genutzte Software. Und aktuell wird sie mehr als doppelt so oft verwendet, wie alle anderen zusammen.},
  Language                 = {english},
  Note                     = {FreeWeb/Html},
  Owner                    = {reincke},
  Timestamp                = {2011.08.31},
  Url                      = {http://news.netcraft.com/archives/2011/08/05/august-2011-web-server-survey-3.html},
  Urldate                  = {2011-08-31}
}

@Book{Oberhem2008a,
  Title                    = {Vertrags- und Haftungsfragen beim Vertrieb von Open Source Software},
  Address                  = {Hamburg},
  Author                   = {Carolina Oberhem},
  Shorttitle               = {Vertrags- und Haftungsfragen beim Vertrieb von Open Source Software, 2008},
  Year                     = {2008},
  ISBN                     = {978-3-8300-4075-0},
  Number                   = {50},
  Publisher                = {Verlag Dr. Kova\v{c}},
  Series                   = {Recht der Neuen Medien},
  Titleaddon               = {Dissertation},

  Annote                   = {Zielt auf die Klärung der Haftung bei der Weitergabe von GPL Software. Das bedarf der Erörterung, da der Gewährleistungsausschluss in der GPL in Deutschland nichtig ist. Damit greift ersatzweise normales Recht, hier das der Schenkung. Der privaten Distributor oder Urheber haftet demnach nur bei vorsätzlichem oder grob fahrlässigen Verhalten, z.B. bei arglistigem Verschweigen von Schadroutinen. Der professionelle Distributor muss darüber hinaus Programme per Virenscanner auf Schadroutinen überprüfen. Davon unabhängig zu bewerten, sind seine Zusatzleistungen. Neben AGB-haftigkeit der GPL und des Vertragstypus wird auch detailliert die Open-Source-Begrifflichkeit verhandelt.},
  Comment                  = {[Präsenz FaM Bibliothek Recht und Wirtschaft 05/PZ 3300 012]},
  Language                 = {german},
  Note                     = {Print},
  Owner                    = {reincke},
  Timestamp                = {2011.08.01}
}

@Misc{OSI2013b,
  Title                    = {Open Source Licenses by Category},

  Author                   = {{Open Source Initiative}},
  Shorttitle               = {The Open Source Licenses by Category, 2013},
  Year                     = {2013 [y. n.st.]},

  Annote                   = {OSI spezifische Kategorisierung der Open Source Lizenzen},
  Language                 = {english},
  Note                     = {FreeWeb},
  Owner                    = {reincke},
  Timestamp                = {2013.01.22},
  Url                      = {http://opensource.org/licenses/category},
  Urldate                  = {2013-01-29}
}

@Misc{Mpl20OsiLicense2013a,
  Title                    = {Mozilla Public License 2.0 (MPL-2.0)},

  Author                   = {{Open Source Initiative}},
  Shorttitle               = {The MPL-2.0 License (OSI), 2013},
  Year                     = {2013 [n.y.]},

  Annote                   = {Die Mozilla Public License 2.0 in der von der OSI publizierten Form},
  Language                 = {english},
  Note                     = {FreeWeb/HTML},
  Owner                    = {reincke},
  Timestamp                = {2013.02.07},
  Url                      = {http://opensource.org/licenses/MPL-2.0},
  Urldate                  = {2013-02-07}
}

@Misc{MsplOsiLicense2013a,
  Title                    = {Microsoft Public License (MS-PL)},

  Author                   = {{Open Source Initiative}},
  Shorttitle               = {MS-PL, 2013},
  Year                     = {2013 [n.y.]},

  Annote                   = {The Microsoft Public License, wie sie bei der OSI präsentiert wird},
  Language                 = {english},
  Note                     = {FreeWeb/HTML},
  Owner                    = {reincke},
  Timestamp                = {2013.02.26},
  Url                      = {http://opensource.org/licenses/MS-PL},
  Urldate                  = {2013-02-26}
}

@Misc{PglOsiLicense2013a,
  Title                    = {The PostgreSQL Licence (PostgreSQL)},

  Author                   = {{Open Source Initiative}},
  Shorttitle               = {PostgreSQL License, 2013},
  Year                     = {2013 [n.y.]},

  Annote                   = {Die PostgreSQL Lizenz, wie von der OSI präsentiert},
  Language                 = {english},
  Note                     = {FreeWeb/HTML},
  Owner                    = {reincke},
  Timestamp                = {2013.02.27},
  Url                      = {http://opensource.org/licenses/PostgreSQL},
  Urldate                  = {2013-02-27}
}

@Misc{Php30OsiLicense2013a,
  Title                    = {The PHP License 3.0 (PHP-3.0)},

  Author                   = {{Open Source Initiative}},
  Shorttitle               = {PHP-3.0, 2013},
  Year                     = {2013 [n.y.]},

  Annote                   = {Die PHP-3.0Lizenz, wie von der OSI präsentiert},
  Language                 = {english},
  Note                     = {FreeWeb/HTML},
  Owner                    = {reincke},
  Timestamp                = {2013.02.27},
  Url                      = {http://opensource.org/licenses/PHP-3.0},
  Urldate                  = {2013-02-27}
}

@Misc{OSI2013a,
  Title                    = {OSI Mailing List. License-discuss. Draft of new OSI licenses landing page},

  Author                   = {{Open Source Initiative}},
  Shorttitle               = {OSI License-discuss, new OSI licenses landing page, 2012},
  Year                     = {2012 [y. n.st.]},

  Annote                   = {OSI Mailinglist Thread, der eine neue Kategorisierung der Lizenzen diskutiert.},
  Language                 = {english},
  Note                     = {FreeWeb/HTML},
  Owner                    = {reincke},
  Timestamp                = {2012.07.03},
  Url                      = {http://projects.opensource.org/pipermail/license-discuss/2012-April/000332.html},
  Urldate                  = {2013-01-29}
}

@Misc{OSI2012d,
  Title                    = {The [OSI] Licence Review Process},

  Author                   = {{Open Source Initiative}},
  Shorttitle               = {The [OSI] Licence Review Process, 2012},
  Year                     = {2012 [J.o.A.]]},

  Annote                   = {Spezifiziert den Prozess der OSI, über den sie Lizenzen offiziell als Open Source Lizenzen bestätigt.},
  Language                 = {english},
  Note                     = {FreeWeb},
  Owner                    = {reincke},
  Timestamp                = {2013.01.22},
  Url                      = {http://www.opensource.org/approval},
  Urldate                  = {2013-01-22}
}

@Misc{BsdLicense2Clause,
  Title                    = {The BSD 2-Clause License},

  Author                   = {{Open Source Initiative}},
  Shorttitle               = {The BSD 2-Clause License, 2012},
  Year                     = {2012 [J.o.A.]},

  Annote                   = {Die aktuellste BSD Lizenz, die auch als 2 Klausel BSD Lizenz bekannt ist.},
  Language                 = {english},
  Note                     = {FreeWeb/HTML},
  Owner                    = {reincke},
  Timestamp                = {2012.07.03},
  Url                      = {http://www.opensource.org/licenses/BSD-2-Clause},
  Urldate                  = {2012-07-03}
}

@Misc{BsdLicense3Clause,
  Title                    = {The BSD 3-Clause License},

  Author                   = {{Open Source Initiative}},
  Shorttitle               = {The BSD 3-Clause License, 2012},
  Year                     = {2012 [J.o.A.]},

  Annote                   = {Die ältere BSD Lizenz, die auch als 3 Klausel BSD Lizenz bekannt ist.},
  Language                 = {english},
  Note                     = {FreeWeb/HTML},
  Owner                    = {reincke},
  Timestamp                = {2012.07.03},
  Url                      = {http://www.opensource.org/licenses/BSD-3-Clause},
  Urldate                  = {2012-07-04}
}

@Misc{MitLicense2012a,
  Title                    = {The MIT License},

  Author                   = {{Open Source Initiative}},
  Shorttitle               = {The MIT License, 2012},
  Year                     = {2012 [J.o.A.]},

  Annote                   = {Die MIT Lizenz, die wohl freieste Open Source Lizenz},
  Language                 = {english},
  Note                     = {FreeWeb/HTML},
  Owner                    = {reincke},
  Timestamp                = {2012.07.03},
  Url                      = {http://opensource.org/licenses/mit-license.php},
  Urldate                  = {2012-08-24}
}

@Misc{OSI2012a,
  Title                    = {The Open Source Definition},

  Author                   = {{Open Source Initiative}},
  Shorttitle               = {The Open Source Definition, 2012},
  Year                     = {2012 [J.o.A.]},

  Annote                   = {Diese Seite listet die 10 Regeln auf, die zusammen bestimmen, wann eine bestimmte Lizenz als Open Source Lizenz klassifiziert werden kann. Sie präsentiert die Open Source Definition. Das bedeutet auch, dass Software tatsächlich nur dann Open Source Software ist, wenn ihre Lizenz als Open Source Lizenz durch die Open Source Initiative bestätigt worden ist.},
  Language                 = {english},
  Note                     = {FreeWeb},
  Owner                    = {reincke},
  Timestamp                = {2012.06.21},
  Url                      = {http://www.opensource.org/docs/osd},
  Urldate                  = {2012-06-21}
}

@Misc{OSI2012b,
  Title                    = {The Open Source Licenses, alphabetically sorted},

  Author                   = {{Open Source Initiative}},
  Shorttitle               = {The Open Source Licenses, 2012},
  Year                     = {2012 [J.o.A.]},

  Annote                   = {Listet die 10 Kriterien auf, die Lizenzen erfüllen müssen, so sie Open Source Lizenzen sein wollen.},
  Language                 = {english},
  Note                     = {FreeWeb},
  Owner                    = {reincke},
  Timestamp                = {2013.01.22},
  Url                      = {http://opensource.org/licenses/alphabetical},
  Urldate                  = {2013-01-22}
}

@Misc{OSI2012c,
  Title                    = {The Open Source Initiative},

  Author                   = {{Open Source Initiative}},
  Shorttitle               = {The Open Source Initiative, 2012},
  Year                     = {2012 [J.o.A.]},

  Annote                   = {Beschreibt die Open Source Initiative, ihre Ziele und Zwecke.},
  Language                 = {english},
  Note                     = {FreeWeb},
  Owner                    = {reincke},
  Timestamp                = {2012.06.21},
  Url                      = {http://www.opensource.org/about/},
  Urldate                  = {2013-01-22}
}

@Misc{Agpl30OsiLicense2007a,
  Title                    = {GNU Affero General Public License, Version 3 (AGPL-3.0)},

  Author                   = {{Open Source Initiative}},
  Shorttitle               = {The AGPL-3.0 License (OSI), 2007},
  Year                     = {2007 [n.y. of the html page itself]},

  Annote                   = {Die Affero Gnu Public License 3.0, wie von der OSI offeriert},
  Language                 = {english},
  Note                     = {FreeWeb/HTML},
  Owner                    = {reincke},
  Timestamp                = {2013.04.06},
  Url                      = {http://opensource.org/licenses/AGPL-3.0},
  Urldate                  = {2013-04-05}
}

@Misc{Epl11OsiLicense2007a,
  Title                    = {European Union Public License, version 1.1 (EUPL-1.1},

  Author                   = {{Open Source Initiative}},
  Shorttitle               = {EUPL-1.1 (OSI), 2007},
  Year                     = {2007 [n.y. of the html page itself]},

  Annote                   = {Anders als bei den meisten anderen Open Source Lizenzenz bietet die OSI für die EUPL nur eine Landingpage an, die auf die sprachlichen Originale verweist.},
  Language                 = {english},
  Note                     = {FreeWeb/HTML},
  Owner                    = {reincke},
  Timestamp                = {2013.03.04},
  Url                      = {http://opensource.org/licenses/EUPL-1.1},
  Urldate                  = {2013-03-04}
}

@Misc{Gpl30OsiLicense2007a,
  Title                    = {GNU General Public License, version 3 (GPL-3.0)},

  Author                   = {{Open Source Initiative}},
  Shorttitle               = {The GPL-3.0 License (OSI), 2007},
  Year                     = {2007 [n.y. of the html page itself]},

  Annote                   = {Die Gnu Public License 3.0, wie sie von der OSI angeboten wird.},
  Language                 = {english},
  Note                     = {FreeWeb/HTML},
  Owner                    = {reincke},
  Timestamp                = {2013.03.06},
  Url                      = {http://opensource.org/licenses/GPL-3.0},
  Urldate                  = {2013-03-05}
}

@Misc{Lgpl30OsiLicense2007a,
  Title                    = {The GNU Lesser General Public License, version 3.0 (LGPL-3.0)},

  Author                   = {{Open Source Initiative}},
  Shorttitle               = {The LGPL-3.0 License (OSI), 2007},
  Year                     = {2007 [n.y. of the html page itself]},

  Annote                   = {Die Lesser Gnu Public License 3.0, wie sie von der OSI angeboten wird},
  Language                 = {english},
  Note                     = {FreeWeb/HTML},
  Owner                    = {reincke},
  Timestamp                = {2013.03.06},
  Url                      = {http://opensource.org/licenses/LGPL-3.0},
  Urldate                  = {2013-03-06}
}

@Misc{Epl10OsiLicense2005a,
  Title                    = {Eclipse Public License, Version 1.0},

  Author                   = {{Open Source Initiative}},
  Shorttitle               = {EPL-1.0, 2005},
  Year                     = {2005 [n.y. of the page itself]},

  Annote                   = {Die Eclipse Public License 1.0 wie sie bei der OSI gelistet wird.},
  Language                 = {english},
  Note                     = {FreeWeb/HTML},
  Owner                    = {reincke},
  Timestamp                = {2013.02.07},
  Url                      = {http://opensource.org/licenses/EPL-1.0},
  Urldate                  = {2013-02-20}
}

@Misc{Apl20OsiLicense2004a,
  Title                    = {Apache License, Version 2.0},

  Author                   = {{Open Source Initiative}},
  Shorttitle               = {APL-2.0, 2004},
  Year                     = {2004 [n.y. of the page itself]},

  Annote                   = {Die Apache 2.0 Lizenz in der von der OSI präsentierten Form},
  Language                 = {english},
  Note                     = {FreeWeb/HTML},
  Owner                    = {reincke},
  Timestamp                = {2013.02.07},
  Url                      = {http://opensource.org/licenses/Apache-2.0},
  Urldate                  = {2013-02-07}
}

@Misc{Cddl10OsiLicense2004a,
  Title                    = {Common Development and Distribution License (CDDL-1.0)},

  Author                   = {{Open Source Initiative}},
  Shorttitle               = {The CDDL-1.0, 2004},
  Year                     = {2004 [n.y. of the html page itself]},

  Annote                   = {Die Common Development and Distribution License 1.0 in der von der OSI angebotenen Form},
  Language                 = {english},
  Note                     = {FreeWeb/HTML},
  Owner                    = {reincke},
  Timestamp                = {2013.04.19},
  Url                      = {http://opensource.org/licenses/CDDL-1.0},
  Urldate                  = {2013-04-19}
}

@Misc{Lgpl21OsiLicense1999a,
  Title                    = {The GNU Lesser General Public License, version 2.1 (LGPL-2.1)},

  Author                   = {{Open Source Initiative}},
  Shorttitle               = {The LGPL-1.1 License (OSI), 1999},
  Year                     = {1999 [n.y. of the html page itself]},

  Annote                   = {Die Lesser Gnu Public License 2.1, wie die OSI sie bereitstellt.},
  Language                 = {english},
  Note                     = {FreeWeb/HTML},
  Owner                    = {reincke},
  Timestamp                = {2013.03.06},
  Url                      = {http://opensource.org/licenses/LGPL-2.1},
  Urldate                  = {2013-03-06}
}

@Misc{Gpl20OsiLicense1991a,
  Title                    = {GNU General Public License, version 2 (GPL-2.0). Version 2, June 1991},

  Author                   = {{Open Source Initiative}},
  Shorttitle               = {The GPL-2.0 License (OSI), 1991},
  Year                     = {1991 [o.J der Htmlseite selbst]},

  Annote                   = {Die GPL-2.0 Version, wie sie von der OSI bereitgestellt wird.},
  Language                 = {english},
  Note                     = {FreeWeb/HTML},
  Owner                    = {reincke},
  Timestamp                = {2012.07.03},
  Url                      = {http://opensource.org/licenses/GPL-2.0},
  Urldate                  = {2013-02-05}
}

@Book{Phillips2009a,
  Title                    = {The Software License Unveiled. How Legislation by License Controls Software Access},
  Address                  = {Oxford, New York, Auckland [etc. ...]},
  Author                   = {Douglas E. Phillips},
  Shorttitle               = {The Software License Unveiled, 2009},
  Year                     = {2009},
  ISBN                     = {978-0-19-534187-4},
  Publisher                = {Oxford University Press},

  Annote                   = {Stellt die proprietären Lizenzen den Freien oder Open Source Alternativen gegenüber. Das Fazit ist mutig: Proprietär lizenzierte Software sei Nutzbarkeits orientiert (und vernachlässige die Nutzungsrechte). Open Source Software dagegen sei Entwickler orientiert (und vernachlässige die Nutzbarkeit).},
  Owner                    = {reincke},
  Timestamp                = {2012.02.28}
}

@Misc{Reincke2012a,
  Title                    = {Classical Scholar Texts With Footnotes based on LaTeX, BibTeX, Koma, jurabib and mykeds-CSR},

  Author                   = {Karsten Reincke},
  Shorttitle               = {Classical Scholar Texts with jurabib, 2012},
  Year                     = {2012},

  Annote                   = {Kurze Beschreibung und Demonstration einer subtileren Methode, Sekundärliteratur zu verwenden.},
  Language                 = {english},
  Note                     = {FreeWeb/Html},
  Owner                    = {reincke},
  Timestamp                = {2013.02.10},
  Url                      = {http://www.fodina.de/en/closedprojects/latex-addons/classical-scholar.html},
  Urldate                  = {2013-02-10}
}

@Book{Reincke2012b,
  Title                    = {(Geistes-) Wissenschaftliche Texte mit jurabib. Dienst am Leser, Dienst am Scholaren: Über Anmerkungsapparate in Fußnoten - aber richtig.},
  Address                  = {[n.l.]},
  Author                   = {Karsten Reincke},
  Shorttitle               = {(Geistes-) Wissenschaftliche Texte mit jurabib, 2012},
  Year                     = {2012},

  Annote                   = {Weitere legitimierende Details über eine subtilere Methode, Sekundärliteratur angemessen zu verwenden.},
  Language                 = {german},
  Note                     = {FreeWeb/PDF},
  Owner                    = {reincke},
  Timestamp                = {2013.02.10},
  Url                      = {http://download.fodina.de/fodinaClassicalScholarFoNoDe.pdf},
  Urldate                  = {2013-02-10}
}

@Book{RenVetRexKet2005a,
  Title                    = {Open Source Software. Einsatzpotentiale und Wirtschaftlichkeit},
  Address                  = {Stuttgart},
  Author                   = {Thomas Renner and Michael Vetter and Sascha Rex and Holger Kett},
  Shorttitle               = {Open Source Software. Einsatzpotentiale und Wirtschaftlichkeit, 2005},
  Year                     = {2005},
  ISBN                     = {3-8167-7008-8},
  Publisher                = {Fraunhofer IRB Verlag},
  Titleaddon               = {eine Studien der Fraunhofer Gesellschaft},

  Annote                   = {Diskutiert Einsatzpotentiale von OSS und offeriert eine Methodik, die Wirtschaftlichkeit ihres Einsatzes zu berechnen. Liefert eine gute Begriffssystematik und einen Softwareüberblick. Die Berechnung der Wirtschaftlichkeit beschränkt sich bei den Client-Rechnern auf eine Migration von MS-Office nach Open-Office. Pikant sind zudem die auf Interviews beruhenden Einschätzungen zu Vor- und Nachteilen von OSS. Auffallend ist auch, dass die Lizenzerfüllung nicht thematisiert wird, obwohl hervorgehoben wird, dass OSS gerade nicht frei von Lizenzbedingungen sei.},
  Comment                  = {FaM :: UB :: Q 88.061.24},
  Language                 = {german},
  Note                     = {Print},
  Owner                    = {reincke},
  Timestamp                = {2011.08.09}
}

@Book{Rose1990a,
  Title                    = {The Open Book, A Practical Perspective on OSI},
  Address                  = {Englewood Cliffs NJ},
  Author                   = {Marshall T. Rose},
  Shorttitle               = {The Open Book, 1990},
  Year                     = {1990},
  ISBN                     = {0-13-643016-3},
  Publisher                = {Prentice Hall},

  Annote                   = {OSI referenziert zumeist nicht die 'Open Source Initiative', sondern das 'Open Systems Interconnection Referenzmodell'. Hier ein älteres Englisch-sprachiges Werk, das 'OSI' als Netzwerkschichtung erläutert.},
  Language                 = {english},
  Note                     = {Print},
  Owner                    = {reincke},
  Timestamp                = {2011.08.04}
}

@Book{Rosen2005a,
  Title                    = {Open Source Licensing. Software Freedom and Intellectual Property Law},
  Address                  = {Upper Saddle River, New Jersey},
  Author                   = {Lawrence Rosen},
  Shorttitle               = {Open Source Licensing, 2005},
  Year                     = {2005},
  ISBN                     = {0-13-148787-6},
  Publisher                = {Prentice Hall PTr},

  Annote                   = {Gründliches Buch, das verschiedene Aspekte diskutiert, indem es den 'akademischen Lizenzen' (auch bekannt als 'permissive Lizenzen') die 'reziproken Lizenzen' (auch bekannt als Copy-Left-Lizenzen) gegenüberstellt. Man muss allerdings aufpassen: die ASL als Gegenteil der OSL über die Gegenüberstellung von 'reziprok' und 'nicht-reziprok' zu definieren, wird dem faktischen Verständnis der OSI nicht gerecht.},
  Owner                    = {reincke},
  Timestamp                = {2013.01.29}
}

@Book{Sebald2008a,
  Title                    = {Offene Wissensökonomie. Analysen zur Wissenssoziologie der Free/Open Source Softwareentwicklung},
  Address                  = {Wiesbaden},
  Author                   = {Gerd Sebald},
  Shorttitle               = {Offene Wissensökonomie, 2008},
  Year                     = {2008},
  ISBN                     = {978-3-531-15705-4},
  Publisher                = {VS Verlag für Sozialwissenschaften},
  Titleaddon               = {Dissertation},

  Annote                   = {Vom praktischen Standpunkt aus ein etwas abgehobenes soziologisches Buch: Es versucht die Bedingungen zur Möglichkeit zu ermitteln, dass sich eine offene Wissensökonomie in einer kapitalistischen Umgebung etablieren kann. OS scheint auf GPL reduziert zu sein. Lizenzfragen werden auf 3 Seiten verhandelt. Allerdings skizziert das Buch die Genese der Idee von 'Freier Software' erfolgreich. Und es unterstreicht, dass die Vorläuferform der GPL - die emacs-Lizenz - noch gefordert hatte, alle Veränderungen öffentlich zu machen, also auch die privatesten, wohingegen die GPL diesen Anspruch später aufgegeben hat.},
  Language                 = {german},
  Note                     = {Print u. BibWeb/PDF},
  Owner                    = {reincke},
  Timestamp                = {2011.08.02}
}

@Book{Spindler2004a,
  Title                    = {Rechtsfragen bei Open Source Software},
  Address                  = {Köln},
  Author                   = {Gerald Spindler},
  Shorttitle               = {Rechtsfragen bei Open Source Software, 2004},
  Year                     = {2004},
  Editor                   = {Gerald Spindler},
  ISBN                     = {3-504-56080-0},
  Publisher                = {Verlag Dr. Otto Schmidt KG},

  Annote                   = {Basiert auf einem Rechtsgutachten. Die meisten Kapitel stammen von Spindler selbst und behandeln die Typen von Open Source Lizenzen, das Urheberrecht, das Vertragsrecht und das Haftungsrecht. Am Ende wird zudem ein Exkurs zum Thema BSD- und Mozilla-Lizenzen angeboten. In allen Fällen wird juristisch detailliert analysiert und diskutiert.},
  Language                 = {german},
  Note                     = {Print},
  Owner                    = {reincke},
  Timestamp                = {2011.08.12}
}

@Book{Splittgerber2005a,
  Title                    = {Lizenzen und Open Source rechtlicht einwandfrei nutzen. Eine klare Darstellung der Lizenzierung, Nutzungsrechtseinräumung und deren Auswirkung auf Vertragsgestaltung},
  Address                  = {Kissing},
  Author                   = {Andrea Splittgerber},
  Shorttitle               = {Lizenzen und Open Source rechtlicht einwandfrei nutzen, 2005},
  Year                     = {2005},
  Editor                   = {Georg F. Schröder},
  ISBN                     = {3-8245-1286-3},
  Publisher                = {Weka Media},

  Annote                   = {Die klare Darstellung bezieht sich allenfalls auf 'Lizenzen klassischer' Software. Ansonsten kommentiert das Buch auf eher wenigen Seiten nur die GPL.},
  Language                 = {german},
  Note                     = {Print},
  Owner                    = {reincke},
  Timestamp                = {2012.03.09}
}

@Article{Stallman2009a,
  Title                    = {Viewpoint: Why "Open Source" Misses the Point of Free Software},
  Author                   = {Stallman, Richard},
  Journal                  = {Commununications of the ACM},
  Pages                    = {31-33},
  Shorttitle               = {Why "Open Source" Misses the Point of Free Software, 2009},
  Volume                   = {52},
  Year                     = {2009},
  Month                    = {June},
  Number                   = {6},

  Address                  = {New York, NY, USA},
  Annote                   = {Eine Auffrischung der älteren Position, dass Open Source Software als Etikett die Idee der freien Softwarenutzung nicht in den Vordergrund rücke: Er beziehe sich auf eine Entwicklungsmethode, während die 'Free Software Movement' als eine soziale Bewegung gesehen werden solle.},
  Issue                    = {6},
  Language                 = {english},
  Note                     = {BibRef/PDF},
  Owner                    = {reincke},
  Publisher                = {ACM},
  Timestamp                = {2012.01.23},
  Url                      = {http://doi.acm.org/10.1145/1516046.1516058},
  Urldate                  = {2011-12-29}
}

@Book{StaGay2002a,
  Title                    = {Free Software, Free Society: Selected Essays of Richard M. Stallman},
  Address                  = {Boston, MA USA},
  Author                   = {Richard M. Stallman},
  Shorttitle               = {Free Software, Free Society: Selected Essays, 2002},
  Year                     = {2002},
  Booktitle                = {Free Software, Free Society: Selected Essays of Richard M. Stallman},
  Editor                   = {Joshua Gay},
  ISBN                     = {1-882114-98-1},
  Publisher                = {GNU Press},
  Titleaddon               = {[with an] Introduction by Lawrence Lessig},

  Annote                   = {Eine Sammlung jener wichtigen Artikel, mit denen RMS die GNU-Philosophie etabliert hat.},
  Language                 = {english},
  Note                     = {Print},
  Owner                    = {reincke},
  Timestamp                = {2011.10.12}
}

@Misc{Stallman2004a,
  Title                    = {Fighting Software Patents - Singly and Together},

  Author                   = {Richard M. Stallman},
  Shorttitle               = {Fighting Software Patents - Singly and Together, 2004},
  Year                     = {n.st. [2004]},

  Annote                   = {Geht auf das geplante neue Europäische Patentgesetz ein},
  Language                 = {english},
  Note                     = {FreeWeb/HTML},
  Owner                    = {reincke},
  Timestamp                = {2013.02.19},
  Url                      = {http://www.gnu.org/philosophy/fighting-software-patents.html},
  Urldate                  = {2013-02-18}
}

@Article{Stallman2012a,
  Title                    = {Let’s Limit the Effect of Software Patents, Since We Can’t Eliminate Them},
  Author                   = {Richard M. Stallman},
  Journal                  = {Wired},
  Pages                    = {wp},
  Shorttitle               = {Let’s Limit the Effect of Software Patents, 2012},
  Volume                   = {n.st.},
  Year                     = {2012},

  ISSN                     = {n.st.},
  Month                    = {November},

  Annote                   = {Versucht die Herausforderung der Softwarepatente dadurch zu umgehen, dassdie Entwicklung, der Verbreitung und die Nutzung von Programmen auf und mit allgmein benutzbarer Computerhardware per Gesetz überhaupt keine Patentverletzungen mehr auslösen können.},
  Language                 = {english},
  Note                     = {FreeWeb/HTML},
  Owner                    = {reincke},
  Timestamp                = {2013.02.19},
  Url                      = {http://www.wired.com/opinion/2012/11/richard-stallman-software-patents/},
  Urldate                  = {2013-02-18}
}

@Misc{Stallman2001b,
  Title                    = {The Danger of Software Patents},

  Author                   = {Richard M. Stallman},
  Shorttitle               = {The Danger of Software Patents, 2001},
  Year                     = {2001},

  Annote                   = {Eine frühe und fein ausgearbeitete Beschreibung der Wirkung von Softwarepatenten und wie man die Herausforderungen managen kann. [Vortrag ist mehrfach gehalten worden]},
  Language                 = {english},
  Note                     = {FreeWeb/HTML},
  Owner                    = {reincke},
  Timestamp                = {2013.02.19},
  Url                      = {http://www.gnu.org/philosophy/stallman-mec-india.html},
  Urldate                  = {2013-02-18}
}

@Book{Suchomski2011a,
  Title                    = {Proprietäres Patentrecht beim Einsatz von Open Source Software. Eine rechtliche Analyse aus unternehmerischer Sicht},
  Address                  = {Bonn},
  Author                   = {Bernd Suchomski},
  Shorttitle               = {Proprietäres Patentrecht beim Einsatz von Open Source Software, 2011},
  Year                     = {2011},
  ISBN                     = {978-3-941192-03-4},
  Number                   = {3},
  Publisher                = {Tgramedia},
  Series                   = {Medien Internet und Recht},

  Annote                   = {Der Autor analysiert, in welchem Sinne man Patente auf der Basis von Open Source Software 'gewinnt' resp. 'verliert': Patente können in Deutschland auch aus Open Source Software heraus angemeldet werden, ihre Erteilung kann über den Verweis auf OS Software kaum verhindert werden. Allerdings erteilt jede Firma bei der Weitergabe der Software ein Nutzungsrecht auch an den Patenten: bei OSS ohne Copyleft-Klausel implizit über das Einräumen der Nutzungsrechte, bei Software mit Copyleft-Klauseln indirekt über die Pflicht zur Freigabe der Veränderungen - und bei OSS mit Patentklauseln das alles explizit.},
  Language                 = {german},
  Note                     = {Print},
  Owner                    = {reincke},
  Timestamp                = {2012.02.21}
}

@Book{Taubert2006a,
  Title                    = {Produktive Anarchie?},
  Address                  = {Bielefeld},
  Author                   = {Niels C. Taubert},
  Shorttitle               = {Produktive Anarchie, 2006},
  Year                     = {2006},
  ISBN                     = {3-89942-418-2},
  Publisher                = {transcript},
  Series                   = {Science Studies},
  Titleaddon               = {Netzwerke freier Softwareentwicklung},

  Annote                   = {Geht als soziologisches Werk der Frage nach, in welchem Sinne die Idee von 'Open Source' resp. 'Freier Software' auch deren Erarbeitungsstil beeinflusst. Grob gesagt, muss dann die Integration heterogener Aspekte eher über Argumentationen und Kompromisse erfolgen, als durch normative Zielvorgaben.},
  Language                 = {german},
  Note                     = {Print},
  Owner                    = {reincke},
  Timestamp                = {2011.07.01}
}

@Misc{LinuxFounSpdxList2014a,
  Title                    = {SPDX License List},

  Author                   = {{The Linux Foundation}},
  Shorttitle               = {SPDX License List, 2013},
  Year                     = {2013},

  Annote                   = {Die Liste der Lizenzidentifier, wie sie ihm Rahmen des SPDX-Projektes propagiert werden.},
  Language                 = {english},
  Note                     = {FreeWeb/HTML},
  Owner                    = {reincke},
  Timestamp                = {2014.03.14},
  Url                      = {http://spdx.org/licenses/},
  Urldate                  = {2014-03-14}
}

@Book{VwdjDebVEee2003a,
  Title                    = {Protecting the Virtual Commons. Self-Organizing Open Source and Free Software Communities and Innovative Intellectual Property Regimes},
  Address                  = {The Hague},
  Author                   = {R. {van Wendel de Joode} and J. A. {de Bruijn} and M. J. G. {van Eeten}},
  Shorttitle               = {Protecting the Virtual Commons, 2003},
  Year                     = {2003},
  ISBN                     = {90-6704-159-9},
  Number                   = {3},
  Publisher                = {T.M.C. Asser Press},
  Series                   = {Information Technology \& Law Series},

  Annote                   = {Neben anderen will dieser Bericht die Frage beantworten, warum die Community so viele verschiedene FLOSS Lizenzen definiert hat. Die Antwort ist vielleicht etwas dünn: der grösste Teil der Lizenzen sei von der BSD oder der GPL abgeleitet, um die grundlegenden Prinzipien der Community zu schützen.},
  Language                 = {english},
  Note                     = {Print},
  Owner                    = {reincke},
  Timestamp                = {2012.02.20}
}

@Book{Viesel2006a,
  Title                    = {Freiheit statt Freibier. Geschichte und Praxis der freien digitalen Welt - mit einer Einführung in Linux},
  Address                  = {Münster},
  Author                   = {Edward Viesel},
  Shorttitle               = {Freiheit statt Freibier. Geschichte und Praxis der freien digitalen Welt. 2006},
  Year                     = {2006},
  ISBN                     = {3-897771-450-7},
  Publisher                = {Unrast-Verlag},

  Annote                   = {Die zweite Häfte des Buches führt allgemein in GNU/Linux ein, ein weiteres Viertel in DRM, Formate und verwandte kollaborative Projekte. Und das erste Viertel skizziert die Geschichte von Open Source und die Idee einiger OS Lizenzen, durchaus mit interessanten, wenn auch nicht im einzelnen belegten Details.},
  Language                 = {german},
  Note                     = {Print},
  Owner                    = {reincke},
  Timestamp                = {2011.10.07}
}

@Book{Widmer2003a,
  Title                    = {Open Source Software - Urheberrechtliche Aspekte freier Software},
  Address                  = {Bern},
  Author                   = {Mike J. Widmer},
  Shorttitle               = {Open Source Software - Urheberrechtliche Aspekte freier Software, 2003},
  Year                     = {2003},
  Publisher                = {Stämpfli Verlag},
  Titleaddon               = {Dissertation},

  Annote                   = {Spezifiziert sehr kompetent nebst Open Source Begriffen auch die Open Source Geschichte. Grenzt kurz 'Non Copyleft Lizenzen' und 'Copyleft Lizenzen' gegen Formen der propritären resp. kommerziellen Software etc. ab. Analysiert sodann - von der Systematik her - die Beziehungen von Open Source Software und (schweizer) Urheberrecht und - von der Paragrafenabfolge her - die Beziehungen zwischen GPL und (schweizer) Urheberrecht.},
  Comment                  = {[Präsenz FaM Bibliothek Recht und Wirtschaft 05/PU 2670 W641]},
  Language                 = {german},
  Note                     = {Print},
  Owner                    = {reincke},
  Timestamp                = {2011.08.01}
}

@Misc{wpMspl2013a,
  Title                    = {Microsoft Public License},

  Author                   = {{Wikipedia (de)}},
  Shorttitle               = {Microsoft Public License, 2013},
  Year                     = {2013 [n.y.]},

  Address                  = {n.l},
  Annote                   = {Deutsche Beschreibung der MS-PL, die irrtümlich von einer Lizenz mit schwachen Copylefteffect ausgeht.},
  Language                 = {german},
  Note                     = {FreeWeb/HTML},
  Owner                    = {reincke},
  Timestamp                = {2013.02.26},
  Url                      = {http://de.wikipedia.org/wiki/Microsoft_Public_License},
  Urldate                  = {2013-02-26}
}

@Misc{wpMsrl2013a,
  Title                    = {Microsoft Reciprocal License},

  Author                   = {{Wikipedia (de)}},
  Shorttitle               = {Microsoft Public License, 2013},
  Year                     = {2013 [n.y.]},

  Address                  = {n.l},
  Annote                   = {Deutsche Erläuterung der MS-RL samt ihrer Wirkung durch schwaches Copyleft.},
  Language                 = {german},
  Note                     = {FreeWeb/HTML},
  Owner                    = {reincke},
  Timestamp                = {2013.02.26},
  Url                      = {http://de.wikipedia.org/wiki/Ms-RL},
  Urldate                  = {2013-02-26}
}

@Misc{wpFloss2011a,
  Title                    = {Free/Libre Open Source Software},

  Author                   = {{Wikipedia (de)}},
  Shorttitle               = {Free/Libre Open Source Software, 2011},
  Year                     = {2011},

  Address                  = {n.l.},
  Annote                   = {Beleuchtet den Versuch, die Trennung von Free-Software-Bewegung und Open-Source-Vereinigung zumindest konzeptionell durch die Nutzung hybrider Kunstbegriffe ala F/LOSS zu überwinden.},
  Language                 = {german},
  Note                     = {FreeWeb/HTML (English Version under http://en.wikipedia.org/wiki/Free\_and\_open\_source\_software)},
  Owner                    = {reincke},
  Timestamp                = {2011.09.08},
  Url                      = {http://de.wikipedia.org/wiki/FLOSS},
  Urldate                  = {2011-09-08}
}

@Misc{wpMsSharedSources2013a,
  Title                    = {Shared source},

  Author                   = {{Wikipedia (en)}},
  Shorttitle               = {Shared source, 2013},
  Year                     = {2013 [n.y.]},

  Address                  = {n.l},
  Annote                   = {Kurze Übersicht pber die verschiedenen Lizenzmodelle von Microsoft. Sie erklärzt auch den Unterschied zwischen der permissiven Lizenz MS-PL und Lizenz MS-RL mit schwachem Copyleft.},
  Language                 = {english},
  Note                     = {FreeWeb/HTML},
  Owner                    = {reincke},
  Timestamp                = {2013.02.26},
  Url                      = {http://en.wikipedia.org/wiki/Shared_source},
  Urldate                  = {2013-02-26}
}

@Misc{wpPermLic2013a,
  Title                    = {Permissive free software licence},

  Author                   = {{Wikipedia (en)}},
  Shorttitle               = {Permissive free software licence, 2013},
  Year                     = {2013 [J.o.A.]},

  Address                  = {n.l.},
  Annote                   = {May be read as an example for the use of the concept 'permissive free software licenses'.},
  Language                 = {english},
  Note                     = {FreeWeb/HTML},
  Owner                    = {reincke},
  Timestamp                = {2013.02.02},
  Url                      = {http://en.wikipedia.org/wiki/Permissive_free_software_licence},
  Urldate                  = {2013-02-02}
}

@Misc{wpCopyleft2013a,
  Title                    = {Copyleft},

  Author                   = {{Wikipedia (en)}},
  Shorttitle               = {Copyleft, 2013},
  Year                     = {2013 [J. o.A.},

  Address                  = {n.l.},
  Annote                   = {Beschreibt das 'strong copyleft' und das 'weak copyleft' und grenz sie von einander ab.},
  Language                 = {english},
  Note                     = {FreeWeb/HTML},
  Owner                    = {reincke},
  Timestamp                = {2013.02.02},
  Url                      = {http://en.wikipedia.org/wiki/Copyleft},
  Urldate                  = {2013-02-02}
}

@Misc{wpMitLic2011a,
  Title                    = {MIT License},

  Author                   = {{Wikipedia (en)}},
  Shorttitle               = {MIT License, 2011},
  Year                     = {2011},

  Address                  = {n.l},
  Annote                   = {Erläutert klar, dass es mehr als eine MIT-Lizenz gibt, nämlich die 'einfachere' MIT-expat-Lizenz und die etwas komplexere MIT-X11-Lizenz. Aber im Kern gehören sie zur selben Lizenzklasse: sie schützen den Entwickler, nicht den Code.},
  Language                 = {english},
  Note                     = {FreeWeb/HTML},
  Owner                    = {reincke},
  Timestamp                = {2011.09.20},
  Url                      = {http://en.wikipedia.org/wiki/MIT_License},
  Urldate                  = {2011-09-20}
}

@Book{Williams2002a,
  Title                    = {Free as in Freedom. Richard Stallman's Crusade for Free Software},
  Address                  = {Beijing [... a.a.O.]},
  Author                   = {Sam Williams},
  Shorttitle               = {Free as in Freedom. Richard Stallman's Crusade for Free Software, 2002},
  Year                     = {2002},
  ISBN                     = {0-596-00287-4},
  Publisher                = {O'Reilly},

  Annote                   = {Die erste(?) Biographie über RMS: sie enthält so viele Interviews and Hintergrundinformationen, dass sie als Primärquelle genommen werden kann, und zwar nicht nur für die Geschichte von RMS selbst, sondern auch für die Geschichte der 'Freien Software' und ihrer internen Gegenspielerin 'Open Source'.},
  Language                 = {english},
  Note                     = {Print},
  Owner                    = {reincke},
  Timestamp                = {2011.09.08}
}

@Proceedings{AscBauMitSee2008a,
  Title                    = {Open Source. Kommerzialisierungsmöglichkeiten und Chancen für die Zusammenarbeit von Hochschulen und Unternehmen},
  Shorttitle               = {Open Source. Kommerzialisierungsmöglichkeiten und Chancen für die Zusammenarbeit von Hochschulen und Unternehmen, 2008},
  Year                     = {2008},

  Address                  = {Münster, New York, München [... u.a.O.]},
  Booktitle                = {Open Source. Kommerzialisierungsmöglichkeiten und Chancen für die Zusammenarbeit von Hochschulen und Unternehmen},
  Editor                   = {Michael Asche and Wilhelm Bauhaus and Ernest Mitschke and Bern Seel},
  ISBN                     = {978-3-8309-1845-5},
  Number                   = {3},
  Publisher                = {Waxmann},
  Series                   = {POWeR / Patent Offensive Westfalen Ruhr},

  Annote                   = {Konzentriert sich auf Patente und Open Source als Herausforderung für innovative Universitäten und bietet Artikel zu verschiedenen Aspekten dieses Kontextes},
  Language                 = {german},
  Note                     = {Print},
  Owner                    = {reincke},
  Timestamp                = {2011.08.16}
}

@Proceedings{BolCroLunWas2009a,
  Title                    = {Open Source Ecosystems: Diverse Communities Interaction},
  Shorttitle               = {Open Source Ecosystems, 2009},
  Year                     = {2009},

  Address                  = {Berlin, Heidelberg u. New York},
  Booktitle                = {Open Source Ecosystems: Diverse Communities Interaction},
  Editor                   = {Cornelia Boldyreff and Kevin Crowston and Björn Lundell and Anthony I. Wassermann},
  ISBN                     = {978-3-642-02031-5},
  Publisher                = {Springer},
  Titleaddon               = {5th IFIP WG 2.13 International Conference on Open Source Systems, OSS 2009 Skövde, Sweden, June 3-6, 2009},

  Annote                   = {Proceedings. Relevante Artikel sind einzelnd aufgeschlüsselt.},
  Language                 = {german},
  Note                     = {BibWeb/PDF},
  Owner                    = {reincke},
  Timestamp                = {2011.08.02}
}

@Proceedings{DjoGehGraKreSpi2008a,
  Title                    = {Urheberrecht im Alltag. Kopieren, bearbeiten, selber machen},
  Shorttitle               = {Urheberrecht im Alltag, 2008},
  Year                     = {2008},

  Address                  = {Bonn},
  Booktitle                = {Urheberrecht im Alltag. Kopieren, bearbeiten, selber machen},
  Editor                   = {Valle Djordjevic and Robert A. Gehring and Volker Grassmuck and Till Kreutzer and Mathias Spiegelkamp},
  ISBN                     = {978-3-89331-812-4},
  Publisher                = {Bundeszentrale für politische Bildung},

  Annote                   = {Beleuchtet in mehreren Artikeln das Urheberrecht im Internet. Ist nicht direkt auf das Thema 'Open Source' ausgerichtet, vielmehr auf die 'Vervielfältigung elektronischer Güter'. Behandelt aber auch die Themen '(Open Source) Software', 'Freie Kulturen' und 'Creative Commons'.},
  Language                 = {german},
  Note                     = {Print},
  Owner                    = {reincke},
  Timestamp                = {2011.03.16}
}

@Proceedings{DroKrePol2006a,
  Title                    = {Die wunderbare Wissensvermehrung. Wie Open Innovation unsere Welt revolutioniert},
  Shorttitle               = {Die wunderbare Wissensvermehrung, 2006},
  Year                     = {2006},

  Address                  = {Hannover},
  Booktitle                = {Die wunderbare Wissensvermehrung. Wie Open Innovation unsere Welt revolutioniert},
  Editor                   = {Olga Drossou and Stefan Krempl and Andreas Poltmann},
  ISBN                     = {3-936931-38-0},
  Publisher                = {Heise},
  Series                   = {Telepolis},

  Annote                   = {Eine Sammlung von Artikeln, die emphatisch den freien Gedankenaustausch als notwendige Bedingung für Innovationen propagieren.},
  Language                 = {german},
  Note                     = {Print},
  Owner                    = {reincke},
  Timestamp                = {2011.07.30}
}

@Proceedings{GehLut2004a,
  Title                    = {Open Source Jahrbuch 2004. Zwischen Softwareentwicklung und Gesellschaftsmodell},
  Shorttitle               = {Open Source Jahrbuch, 2004},
  Year                     = {2004},

  Address                  = {Berlin},
  Booktitle                = {Open Source Jahrbuch 2004. Zwischen Softwareentwicklung und Gesellschaftsmodell},
  Editor                   = {Robert A. Gehring and Bernd Lutterbeck},
  ISBN                     = {3-936427-78-X},
  Publisher                = {Lehmanns Media},

  Annote                   = {Erster Band der bis 2008 gepflegten Reihe. Sammelt Artikel zu heterogenen Themen.},
  Language                 = {german},
  Note                     = {Print \& FreeWeb/PDF},
  Owner                    = {reincke},
  Timestamp                = {2011.05.02},
  Url                      = {http:// www. opensourcejahrbuch. de /download/ jb2004/ Open Source Jahrbuch 2004.pdf},
  Urldate                  = {2011-08-29}
}

@Proceedings{VdBCouJae2011a,
  Title                    = {The International Free and Open Source Software Law Book},
  Shorttitle               = {The International Free and Open Source Software Law Book, 2011},
  Year                     = {2011},

  Address                  = {Munich (Germany)},
  Editor                   = {Ywain {Van den Brande} and Shane Coughlan and Till Jaeger},
  ISBN                     = {978-3-941841-49-9},
  Publisher                = {Open Source Press},

  Annote                   = {Neben einer sehr kurzen Einführung enthält dieses Buch juristisch oriwntierte Beschreibungen des Open Source Kontextes und der Open Source Interpretation in verschiedenen europäischen Ländern.},
  Language                 = {english},
  Note                     = {Print},
  Owner                    = {reincke},
  Timestamp                = {2012.02.22}
}

@comment{jabref-meta: selector_publisher:}

@comment{jabref-meta: selector_author:}

@comment{jabref-meta: selector_journal:}

@comment{jabref-meta: selector_keywords:}

