% This file was created with JabRef 2.6.
% Encoding: UTF8

@ARTICLE{Burkhart2003a,
  author = {Axel Burkhart},
  title = {Softwareerstellung - Anspruch auf Herausgabe des Quellcodes},
  journal = {ITRB (IT-Rechtsberater)},
  year = {2003},
  volume = {?},
  pages = {53-57},
  shorttitle = {Softwareerstellung - Anspruch auf Herausgabe des Quellcodes, 2003},
  number = {3},
  annote = {[next action, aus widmer]},
  owner = {reincke},
  timestamp = {2011.08.22}
}

@ARTICLE{CheCro2006a,
  author = {H. Chesbrough and A. K. Crowther},
  title = {Beyond High Tech: Early Adopters of Open Innovation in other Industries},
  journal = {R\&D Management},
  year = {2006},
  volume = {36},
  pages = {229-236},
  shorttitle = {Beyond High Tech, 2006},
  number = {3},
  owner = {reincke},
  timestamp = {2011.08.15}
}

@BOOK{Christensen1997a,
  author = {C. M. Christensen},
  title = {The Innovator's Dilemma},
  address = {Boston, MA},
  year = {1997},
  shorttitle = {The Innovator's Dilemma, 1997},
  publisher = {Havard Business School Press},
  owner = {reincke},
  timestamp = {2011.08.15}
}

@ARTICLE{Daffara2000a,
  author = {Carlo Daffara and Edmund Humenberger and Bernard Lang},
  title = {Free Software / Open Source: Information Society Opportunities for
	Europe?},
  journal = {Version},
  year = {2000},
  volume = {1},
  shorttitle = {Free Software / Open Source: Information Society Opportunities for
	Europe?, 2000},
  annote = {[aus widmer]},
  owner = {reincke},
  timestamp = {2011.08.22},
  url = {http://eu.conecta.it/paper.pdf}
}

@BOOK{Fitzek2000a,
  author = {Sebastian Fitzek},
  title = {Die Unbekannte Nutzungsart},
  address = {Berlin},
  year = {2000},
  shorttitle = {Die Unbekannte Nutzungsart, 2000},
  owner = {reincke},
  timestamp = {2011.08.12}
}

@MISC{Gates1976a,
  author = {Bill Gates},
  title = {An open letter to hobbyists},
  year = {1976},
  shorttitle = {An open letter to hobbyists, 1976},
  owner = {reincke},
  timestamp = {2011.07.29},
  url = {http://www.blinkenlights.com/classiccmp/gateswhine.html}
}

@ARTICLE{Grzeszick2000a,
  author = {Bernd Grzeszick},
  title = {Freie Software. Eine Widerlegung der Urheberrechtstheorie},
  journal = {MultiMedia und Recht},
  year = {2000},
  pages = {412-417},
  shorttitle = {Freie Software. Eine Widerlegung der Urheberrechtstheorie, 2000},
  annote = {aus Koeglin2007a},
  owner = {reincke},
  timestamp = {2011.08.08}
}

@ARTICLE{Haupt2000a,
  author = {Stefan Haupt},
  title = {Der Copyright-Vermerk - unverzichtbar?},
  journal = {Kommunikation und Recht},
  year = {2000},
  volume = {5},
  pages = {239-241},
  shorttitle = {Der Copyright-Vermerk - unverzichtbar?, 2000},
  annote = {[aus widmer]},
  owner = {reincke},
  timestamp = {2011.08.22}
}

@ARTICLE{Heussen2004a,
  author = {Benno Heussen},
  title = {Rechtliche Verantwortungsebenen und dingliche Verfügungen bei der
	Überlassung von Open Source Software},
  journal = {MultiMedia und Recht},
  year = {2004},
  pages = {445-450},
  shorttitle = {Rechtliche Verantwortungsebenen und dingliche Verfügungen bei der
	Überlassung von Open Source Software, 2004},
  owner = {reincke},
  timestamp = {2011.08.08}
}

@ARTICLE{Hilty2003a,
  author = {Reto M. Hilty},
  title = {Der Softwarevertrag - ein Blick in die Zukunft},
  journal = {MultiMedia und Recht},
  year = {2003},
  pages = {3ff},
  shorttitle = {Der Softwarevertrag, 2003},
  annote = {aus Koeglin2007a},
  owner = {reincke},
  timestamp = {2011.08.12}
}

@BOOK{Horn1994a,
  author = {Thomas Horn},
  title = {Systemprogrammierung unter Unix},
  address = {Berlin},
  year = {1994},
  shorttitle = {Systemprogrammierung unter Unix, 1994},
  publisher = {Verlag Technik},
  owner = {reincke},
  timestamp = {2011.10.06}
}

@ARTICLE{JaeKoeg2002a,
  author = {Till Jaeger and Olad Koeglin},
  title = {Der rechtliche Schutz von Fonts},
  journal = {CR},
  year = {2002},
  pages = {169ff},
  shorttitle = {Der rechtliche Schutz von Fonts, 2002},
  annote = {aus Koeglin2007a},
  owner = {reincke},
  timestamp = {2011.08.12}
}

@ARTICLE{Kant1987a,
  author = {Immanuel Kant},
  title = {Von der Unrechtmäßigkeit des Büchernachdrucks},
  journal = {Archiv für Urheber-, Film-, Funk- und Theaterrecht (UFITA)},
  year = {1987},
  volume = {106},
  pages = {137-144},
  owner = {reincke},
  timestamp = {2011.10.06}
}

@BOOK{KerPik1986a,
  author = {Brian W. Kerninghan and Rob Pike},
  title = {Der UNIX-Werkzeugkasten: Programmieren mit Unix},
  address = {München u. Wien},
  year = {1986},
  shorttitle = {Der UNIX-Werkzeugkasten, 1986},
  publisher = {Hanser},
  owner = {reincke},
  timestamp = {2011.10.06}
}

@MISC{Masciola2002a,
  author = {Amy Masciola},
  title = {Timeline. A History of Copyright in the United States},
  year = {2002},
  owner = {reincke},
  timestamp = {2011.10.06},
  url = {http://arl.cni.org/info/frn/copy/timeline.html}
}

@BOOK{Moravitz2008,
  author = {Angelika Moravitz},
  title = {Open Source Werkzeuge der Wissensmodellierung: Grundlagen, Analysen
	von Open Source Systemen},
  year = {2008},
  publisher = {VDM Verlag Dr. Müller},
  annote = {someday-maybe, found in ISI Web of Knowledge},
  owner = {karsten},
  timestamp = {2010.06.02}
}

@ARTICLE{RitTho1974a,
  author = {Dennis M. Ritchie and Ken Thompson},
  title = {The UNIX Time-Sharing System},
  journal = {ACM [Coomunications of the Association for Computing Machinery]},
  year = {1974},
  volume = {17},
  pages = {365-375},
  shorttitle = {The UNIX Time-Sharing System. 1974},
  number = {7},
  month = {July},
  owner = {reincke},
  timestamp = {2011.10.06}
}

@ARTICLE{Sandl2001a,
  author = {Ulrich Sandl},
  title = {"Open Source"-Software - Politische, ökonomische und rechtliche Aspekte},
  journal = {CR (Computer und Recht)},
  year = {2001},
  volume = {5},
  pages = {346-351},
  shorttitle = {"Open Source"-Software - Politische, ökonomische und rechtliche Aspekte,
	2001},
  annote = {[aus Widmer]},
  owner = {reincke},
  timestamp = {2011.08.22}
}

@BOOK{CheVanWes2006a,
  author = {H. Chesbrough abd W. Vanhaverbeke and J. West},
  title = {Open Innovation: Researching a New Paradigm},
  address = {Oxford},
  year = {2006},
  shorttitle = {Open Innovation, 2006},
  publisher = {Oxford Univerisity Press},
  owner = {reincke},
  timestamp = {2011.08.15}
}

@MISC{Wilson2006a,
  author = {A. Wilson},
  title = {Linux, Licensing, and Drivers - an Overview},
  year = {2006},
  shorttitle = {Linux, Licensing, and Drivers, 2006},
  owner = {reincke},
  timestamp = {2011.08.15},
  url = {http://developer.osdl.org/dev/opendrivers/summit2006/andy_wilson.mp3}
}

